<?xml version="1.0" encoding="UTF-8"?>
<!DOCTYPE html PUBLIC "-//W3C//DTD XHTML 1.0 Transitional//EN"
    "http://www.w3.org/TR/xhtml1/DTD/xhtml1-transitional.dtd">
<html xmlns="http://www.w3.org/1999/xhtml" xml:lang="en" lang="en">
 <head>
  <title>
</title>
<meta http-equiv="Content-Type" content="text/html;charset=utf-8" />
  <meta name='ocr-system' content='tesseract 3.04.00' />
  <meta name='ocr-capabilities' content='ocr_page ocr_carea ocr_par ocr_line ocrx_word'/>
</head>
<body>
  <div class='ocr_page' id='page_1' title='image "benedictipapaex00benegoog_0232.png"; bbox 0 0 2409 3984; ppageno 0'>
   <div class='ocr_carea' id='block_1_1' title="bbox 583 138 1699 208">
    <p class='ocr_par' dir='ltr' id='par_1_1' title="bbox 583 138 1699 208">
     <span class='ocr_line' id='line_1_1' title="bbox 583 138 1699 208; baseline -0.002 -1"><span class='ocrx_word' id='word_1_1' title='bbox 583 143 708 208; x_wconf 83' lang='lat'><strong>224</strong></span> <span class='ocrx_word' id='word_1_2' title='bbox 1094 140 1488 205; x_wconf 70' lang='lat' dir='ltr'><strong>Bennmcn</strong></span> <span class='ocrx_word' id='word_1_3' title='bbox 1524 138 1699 205; x_wconf 68' lang='lat' dir='ltr'><strong>xlv.</strong></span> 
     </span>
    </p>
   </div>
   <div class='ocr_carea' id='block_1_2' title="bbox 281 248 2229 3477">
    <p class='ocr_par' dir='ltr' id='par_1_2' title="bbox 281 248 2217 477">
     <span class='ocr_line' id='line_1_2' title="bbox 282 248 2217 327; baseline -0.001 -16"><span class='ocrx_word' id='word_1_4' title='bbox 282 268 438 323; x_wconf 66' lang='lat'>1201«</span> <span class='ocrx_word' id='word_1_5' title='bbox 464 280 518 321; x_wconf 72' lang='grc' dir='ltr'><strong>τ.</strong></span> <span class='ocrx_word' id='word_1_6' title='bbox 581 260 779 311; x_wconf 80' lang='lat' dir='ltr'><strong>rectas</strong></span> <span class='ocrx_word' id='word_1_7' title='bbox 829 250 1142 314; x_wconf 80' lang='lat' dir='ltr'><strong>facerent,</strong></span> <span class='ocrx_word' id='word_1_8' title='bbox 1195 260 1303 309; x_wconf 80' lang='lat' dir='ltr'><strong>aut</strong></span> <span class='ocrx_word' id='word_1_9' title='bbox 1342 248 1543 327; x_wconf 80' lang='lat' dir='ltr'><strong>lapsos</strong></span> <span class='ocrx_word' id='word_1_10' title='bbox 1580 270 1616 309; x_wconf 81' lang='lat' dir='ltr'>a</span> <span class='ocrx_word' id='word_1_11' title='bbox 1658 248 1770 311; x_wconf 79' lang='lat' dir='ltr'><strong>viis</strong></span> <span class='ocrx_word' id='word_1_12' title='bbox 1808 248 2085 325; x_wconf 84' lang='lat' dir='ltr'>pessimis</span> <span class='ocrx_word' id='word_1_13' title='bbox 2140 250 2217 309; x_wconf 84' lang='lat' dir='ltr'><strong>ad</strong></span> 
     </span>
     <span class='ocr_line' id='line_1_3' title="bbox 281 325 2213 404; baseline -0.002 -15"><span class='ocrx_word' id='word_1_14' title='bbox 281 338 352 389; x_wconf 86' lang='lat' dir='ltr'><strong>A·</strong></span> <span class='ocrx_word' id='word_1_15' title='bbox 387 332 557 391; x_wconf 90' lang='lat' dir='ltr'><strong>VIII·</strong></span> <span class='ocrx_word' id='word_1_16' title='bbox 581 326 794 404; x_wconf 89' lang='lat' dir='ltr'><strong>dignos</strong></span> <span class='ocrx_word' id='word_1_17' title='bbox 835 328 1211 388; x_wconf 81' lang='lat' dir='ltr'><strong>Poenitentioe</strong></span> <span class='ocrx_word' id='word_1_18' title='bbox 1250 326 1487 387; x_wconf 85' lang='lat' dir='ltr'><strong>fructus</strong></span> <span class='ocrx_word' id='word_1_19' title='bbox 1528 325 1801 403; x_wconf 82' lang='lat' dir='ltr'><strong>exemplo</strong></span> <span class='ocrx_word' id='word_1_20' title='bbox 1843 346 1957 385; x_wconf 90' lang='lat' dir='ltr'><strong>suo</strong></span> <span class='ocrx_word' id='word_1_21' title='bbox 1992 346 2213 402; x_wconf 64' lang='lat' dir='ltr'><strong>provoa</strong></span> 
     </span>
     <span class='ocr_line' id='line_1_4' title="bbox 580 402 2213 477; baseline -0.001 -13"><span class='ocrx_word' id='word_1_22' title='bbox 580 414 818 464; x_wconf 79' lang='lat' dir='ltr'><strong>carent.</strong></span> <span class='ocrx_word' id='word_1_23' title='bbox 863 403 1198 463; x_wconf 82' lang='lat' dir='ltr'><strong>Undecima</strong></span> <span class='ocrx_word' id='word_1_24' title='bbox 1230 402 1481 463; x_wconf 82' lang='lat' dir='ltr'><strong>tandem</strong></span> <span class='ocrx_word' id='word_1_25' title='bbox 1496 419 1525 477; x_wconf 77' lang='lat'><strong>,‘</strong></span> <span class='ocrx_word' id='word_1_26' title='bbox 1548 406 1611 463; x_wconf 82' lang='lat' dir='ltr'><strong>e&#39;t</strong></span> <span class='ocrx_word' id='word_1_27' title='bbox 1651 405 1981 462; x_wconf 82' lang='lat' dir='ltr'><strong>novissima</strong></span> <span class='ocrx_word' id='word_1_28' title='bbox 2028 404 2213 475; x_wconf 82' lang='lat' dir='ltr'><strong>hora,</strong></span> 
     </span>
    </p>

    <p class='ocr_par' dir='ltr' id='par_1_3' title="bbox 582 479 2217 559">
     <span class='ocr_line' id='line_1_5' title="bbox 582 479 2217 559; baseline -0.001 -18"><span class='ocrx_word' id='word_1_29' title='bbox 582 493 655 541; x_wconf 90' lang='lat' dir='ltr'><strong>ut</strong></span> <span class='ocrx_word' id='word_1_30' title='bbox 686 482 947 545; x_wconf 87' lang='lat' dir='ltr'><strong>Vineam</strong></span> <span class='ocrx_word' id='word_1_31' title='bbox 997 480 1353 559; x_wconf 84' lang='lat' dir='ltr'><strong>perficeret,</strong></span> <span class='ocrx_word' id='word_1_32' title='bbox 1396 500 1579 556; x_wconf 82' lang='lat' dir='ltr'><strong>quam</strong></span> <span class='ocrx_word' id='word_1_33' title='bbox 1618 479 1927 556; x_wconf 84' lang='lat' dir='ltr'><strong>plantavit</strong></span> <span class='ocrx_word' id='word_1_34' title='bbox 1970 480 2217 539; x_wconf 83' lang='lat' dir='ltr'><strong>dextera</strong></span> 
     </span>
    </p>

    <p class='ocr_par' dir='ltr' id='par_1_4' title="bbox 585 558 2218 635">
     <span class='ocr_line' id='line_1_6' title="bbox 585 558 2218 635; baseline -0.001 -18"><span class='ocrx_word' id='word_1_35' title='bbox 585 565 752 635; x_wconf 81' lang='lat' dir='ltr'><strong>ejus,</strong></span> <span class='ocrx_word' id='word_1_36' title='bbox 794 578 984 620; x_wconf 79' lang='lat' dir='ltr'><strong>novos</strong></span> <span class='ocrx_word' id='word_1_37' title='bbox 1035 558 1325 617; x_wconf 87' lang='lat' dir='ltr'><strong>conduxit</strong></span> <span class='ocrx_word' id='word_1_38' title='bbox 1372 559 1737 635; x_wconf 81' lang='lat' dir='ltr'><strong>operarios,</strong></span> <span class='ocrx_word' id='word_1_39' title='bbox 1782 559 1887 633; x_wconf 88' lang='lat' dir='ltr'><strong>qui</strong></span> <span class='ocrx_word' id='word_1_40' title='bbox 1933 577 2009 615; x_wconf 88' lang='lat' dir='ltr'><strong>ne</strong></span> <span class='ocrx_word' id='word_1_41' title='bbox 2057 562 2218 633; x_wconf 84' lang='lat' dir='ltr'>Aper</span> 
     </span>
    </p>

    <p class='ocr_par' dir='ltr' id='par_1_5' title="bbox 585 631 2220 863">
     <span class='ocr_line' id='line_1_7' title="bbox 585 631 2217 710; baseline -0.002 -15"><span class='ocrx_word' id='word_1_42' title='bbox 585 636 662 695; x_wconf 86' lang='lat' dir='ltr'><strong>de</strong></span> <span class='ocrx_word' id='word_1_43' title='bbox 717 631 872 693; x_wconf 82' lang='lat' dir='ltr'><strong>silva</strong></span> <span class='ocrx_word' id='word_1_44' title='bbox 918 634 1166 694; x_wconf 88' lang='lat' dir='ltr'><strong>Christo</strong></span> <span class='ocrx_word' id='word_1_45' title='bbox 1208 646 1422 694; x_wconf 84' lang='lat' dir='ltr'><strong>renata</strong></span> <span class='ocrx_word' id='word_1_46' title='bbox 1462 634 1737 710; x_wconf 82' lang='lat' dir='ltr'><strong>germina</strong></span> <span class='ocrx_word' id='word_1_47' title='bbox 1780 635 1845 692; x_wconf 88' lang='lat' dir='ltr'><strong>in</strong></span> <span class='ocrx_word' id='word_1_48' title='bbox 1890 636 2021 709; x_wconf 83' lang='lat' dir='ltr'><strong>ipso</strong></span> <span class='ocrx_word' id='word_1_49' title='bbox 2072 632 2217 693; x_wconf 89' lang='lat' dir='ltr'><strong>flore</strong></span> 
     </span>
     <span class='ocr_line' id='line_1_8' title="bbox 587 712 2220 787; baseline -0.003 -13"><span class='ocrx_word' id='word_1_50' title='bbox 587 712 972 787; x_wconf 77' lang='lat' dir='ltr'><strong>depasceret,</strong></span> <span class='ocrx_word' id='word_1_51' title='bbox 1016 712 1261 772; x_wconf 80' lang='lat' dir='ltr'>Domini</span> <span class='ocrx_word' id='word_1_52' title='bbox 1308 714 1593 771; x_wconf 87' lang='lat' dir='ltr'><strong>timorem</strong></span> <span class='ocrx_word' id='word_1_53' title='bbox 1619 755 1635 782; x_wconf 91' lang='lat'>‚</span> <span class='ocrx_word' id='word_1_54' title='bbox 1672 714 1890 787; x_wconf 80' lang='lat' dir='ltr'>Legem</span> <span class='ocrx_word' id='word_1_55' title='bbox 1924 712 2084 771; x_wconf 73' lang='lat' dir='ltr'><strong>vitae</strong></span> <span class='ocrx_word' id='word_1_56' title='bbox 2110 756 2127 782; x_wconf 85' lang='lat'><strong>,</strong></span> <span class='ocrx_word' id='word_1_57' title='bbox 2160 722 2220 769; x_wconf 86' lang='lat' dir='ltr'><strong>et</strong></span> 
     </span>
     <span class='ocr_line' id='line_1_9' title="bbox 586 786 2219 863; baseline -0.002 -15"><span class='ocrx_word' id='word_1_58' title='bbox 586 787 928 863; x_wconf 83' lang='lat' dir='ltr'><strong>Disciplinae</strong></span> <span class='ocrx_word' id='word_1_59' title='bbox 957 786 1245 847; x_wconf 87' lang='lat' dir='ltr'><strong>Parvulos</strong></span> <span class='ocrx_word' id='word_1_60' title='bbox 1260 788 1609 848; x_wconf 89' lang='lat' dir='ltr'><strong>edocerent.</strong></span> <span class='ocrx_word' id='word_1_61' title='bbox 1628 786 2034 847; x_wconf 86' lang='lat' dir='ltr'><strong>Luculentum</strong></span> <span class='ocrx_word' id='word_1_62' title='bbox 2058 808 2219 860; x_wconf 81' lang='lat' dir='ltr'><strong>sane,</strong></span> 
     </span>
    </p>

    <p class='ocr_par' dir='ltr' id='par_1_6' title="bbox 587 864 2225 1018">
     <span class='ocr_line' id='line_1_10' title="bbox 589 864 2223 942; baseline -0.001 -17"><span class='ocrx_word' id='word_1_63' title='bbox 589 884 660 925; x_wconf 86' lang='lat' dir='ltr'><strong>ac</strong></span> <span class='ocrx_word' id='word_1_64' title='bbox 693 864 1156 925; x_wconf 81' lang='lat' dir='ltr'><strong>memorandum</strong></span> <span class='ocrx_word' id='word_1_65' title='bbox 1189 864 1441 942; x_wconf 82' lang='lat' dir='ltr'><strong>hujusce</strong></span> <span class='ocrx_word' id='word_1_66' title='bbox 1476 864 1877 925; x_wconf 75' lang='lat' dir='ltr'><strong>Providentiae</strong></span> <span class='ocrx_word' id='word_1_67' title='bbox 1916 866 2223 939; x_wconf 85' lang='lat' dir='ltr'><strong>specimen</strong></span> 
     </span>
     <span class='ocr_line' id='line_1_11' title="bbox 587 940 2225 1018; baseline -0.002 -17"><span class='ocrx_word' id='word_1_68' title='bbox 587 942 892 1017; x_wconf 81' lang='lat' dir='ltr'><strong>superiori</strong></span> <span class='ocrx_word' id='word_1_69' title='bbox 929 940 1158 1000; x_wconf 86' lang='lat' dir='ltr'><strong>Saeculo</strong></span> <span class='ocrx_word' id='word_1_70' title='bbox 1204 944 1269 999; x_wconf 91' lang='lat' dir='ltr'><strong>in</strong></span> <span class='ocrx_word' id='word_1_71' title='bbox 1310 941 1425 1001; x_wconf 84' lang='lat' dir='ltr'><strong>hac</strong></span> <span class='ocrx_word' id='word_1_72' title='bbox 1470 942 1598 1018; x_wconf 81' lang='lat' dir='ltr'><strong>ipsa</strong></span> <span class='ocrx_word' id='word_1_73' title='bbox 1634 940 1899 1001; x_wconf 84' lang='lat' dir='ltr'><strong>Urbium</strong></span> <span class='ocrx_word' id='word_1_74' title='bbox 1944 942 2225 1016; x_wconf 79' lang='lat' dir='ltr'><strong>Principe</strong></span> 
     </span>
    </p>

    <p class='ocr_par' dir='ltr' id='par_1_7' title="bbox 289 1017 2229 1632">
     <span class='ocr_line' id='line_1_12' title="bbox 495 1017 2223 1093; baseline -0.001 -16"><span class='ocrx_word' id='word_1_75' title='bbox 495 1052 504 1057; x_wconf 89' lang='lat'>-</span> <span class='ocrx_word' id='word_1_76' title='bbox 589 1017 1145 1077; x_wconf 84' lang='lat' dir='ltr'><strong>misericordiarum</strong></span> <span class='ocrx_word' id='word_1_77' title='bbox 1172 1022 1350 1077; x_wconf 83' lang='lat' dir='ltr'><strong>Pater</strong></span> <span class='ocrx_word' id='word_1_78' title='bbox 1382 1038 1493 1093; x_wconf 83' lang='lat' dir='ltr'><strong>per</strong></span> <span class='ocrx_word' id='word_1_79' title='bbox 1524 1017 2223 1079; x_wconf 49' lang='lat' dir='ltr'><strong>ServumvsuumJOSE·</strong></span> 
     </span>
     <span class='ocr_line' id='line_1_13' title="bbox 323 1098 2222 1177; baseline -0.001 -23"><span class='ocrx_word' id='word_1_80' title='bbox 323 1127 563 1177; x_wconf 64' lang='lat' dir='ltr'><strong>summ,</strong></span> <span class='ocrx_word' id='word_1_81' title='bbox 589 1098 806 1154; x_wconf 81' lang='lat' dir='ltr'>PHUM</span> <span class='ocrx_word' id='word_1_82' title='bbox 844 1098 1453 1173; x_wconf 73' lang='lat' dir='ltr'><strong>CALASANQTIUM</strong></span> <span class='ocrx_word' id='word_1_83' title='bbox 1486 1098 1539 1155; x_wconf 83' lang='lat' dir='ltr'><strong>A</strong></span> <span class='ocrx_word' id='word_1_84' title='bbox 1565 1098 1833 1155; x_wconf 78' lang='lat' dir='ltr'><strong>MATRE</strong></span> <span class='ocrx_word' id='word_1_85' title='bbox 1868 1098 1999 1151; x_wconf 81' lang='lat' dir='ltr'><strong>DEI</strong></span> <span class='ocrx_word' id='word_1_86' title='bbox 2022 1104 2222 1153; x_wconf 81' lang='lat' dir='ltr'><strong>osten-</strong></span> 
     </span>
     <span class='ocr_line' id='line_1_14' title="bbox 289 1170 2227 1249; baseline -0.001 -18"><span class='ocrx_word' id='word_1_87' title='bbox 289 1184 430 1244; x_wconf 78' lang='lat' dir='ltr'><strong>r&#39;ium</strong></span> <span class='ocrx_word' id='word_1_88' title='bbox 449 1192 566 1243; x_wconf 66' lang='lat' dir='ltr'><strong>vir.</strong></span> <span class='ocrx_word' id='word_1_89' title='bbox 595 1170 745 1231; x_wconf 73' lang='lat' dir='ltr'><strong>&#39;dere</strong></span> <span class='ocrx_word' id='word_1_90' title='bbox 786 1170 1069 1247; x_wconf 75' lang='lat' dir='ltr'><strong>dignatus</strong></span> <span class='ocrx_word' id='word_1_91' title='bbox 1121 1182 1236 1230; x_wconf 86' lang='lat' dir='ltr'><strong>est.</strong></span> <span class='ocrx_word' id='word_1_92' title='bbox 1280 1172 1408 1231; x_wconf 88' lang='lat' dir='ltr'><strong>Hic·</strong></span> <span class='ocrx_word' id='word_1_93' title='bbox 1439 1172 1603 1231; x_wconf 88' lang='lat' dir='ltr'><strong>inter</strong></span> <span class='ocrx_word' id='word_1_94' title='bbox 1643 1173 1974 1249; x_wconf 85' lang='lat' dir='ltr'><strong>Aragonios</strong></span> <span class='ocrx_word' id='word_1_95' title='bbox 2020 1170 2227 1229; x_wconf 85' lang='lat' dir='ltr'><strong>Nobili</strong></span> 
     </span>
     <span class='ocr_line' id='line_1_15' title="bbox 289 1246 2228 1326; baseline -0.003 -16"><span class='ocrx_word' id='word_1_96' title='bbox 289 1262 571 1324; x_wconf 78' lang='lat' dir='ltr'><strong>tutum,et</strong></span> <span class='ocrx_word' id='word_1_97' title='bbox 602 1266 822 1324; x_wconf 81' lang='lat' dir='ltr'><strong>genere</strong></span> <span class='ocrx_word' id='word_1_98' title='bbox 873 1260 1045 1309; x_wconf 89' lang='lat' dir='ltr'><strong>ortus</strong></span> <span class='ocrx_word' id='word_1_99' title='bbox 1081 1294 1098 1321; x_wconf 91' lang='lat'><strong>,</strong></span> <span class='ocrx_word' id='word_1_100' title='bbox 1147 1246 1513 1309; x_wconf 85' lang='lat' dir='ltr'><strong>florentibus</strong></span> <span class='ocrx_word' id='word_1_101' title='bbox 1562 1250 1739 1308; x_wconf 82' lang='lat' dir='ltr'><strong>annis</strong></span> <span class='ocrx_word' id='word_1_102' title='bbox 1786 1249 2228 1326; x_wconf 78' lang='lat' dir='ltr'><strong>per&#39;exercitia</strong></span> 
     </span>
     <span class='ocr_line' id='line_1_16' title="bbox 291 1324 2225 1403; baseline -0.001 -18"><span class='ocrx_word' id='word_1_103' title='bbox 291 1326 502 1379; x_wconf 76' lang='lat' dir='ltr'><strong>merito·</strong></span> <span class='ocrx_word' id='word_1_104' title='bbox 559 1327 845 1402; x_wconf 52' lang='lat' dir='ltr'><strong>‚Pietatis</strong></span> <span class='ocrx_word' id='word_1_105' title='bbox 873 1369 889 1397; x_wconf 91' lang='lat'><em>,</em></span> <span class='ocrx_word' id='word_1_106' title='bbox 939 1337 1000 1385; x_wconf 86' lang='lat' dir='ltr'><strong>et</strong></span> <span class='ocrx_word' id='word_1_107' title='bbox 1045 1327 1387 1385; x_wconf 86' lang='lat' dir='ltr'><strong>Literarum</strong></span> <span class='ocrx_word' id='word_1_108' title='bbox 1422 1324 1623 1385; x_wconf 87' lang='lat' dir='ltr'><strong>studia</strong></span> <span class='ocrx_word' id='word_1_109' title='bbox 1667 1326 1961 1403; x_wconf 83' lang='lat' dir='ltr'><strong>peractis,</strong></span> <span class='ocrx_word' id='word_1_110' title='bbox 2012 1326 2225 1386; x_wconf 75' lang='lat' dir='ltr'><strong>variis·</strong></span> 
     </span>
     <span class='ocr_line' id='line_1_17' title="bbox 291 1390 2227 1479; baseline -0.001 -18"><span class='ocrx_word' id='word_1_111' title='bbox 291 1410 410 1471; x_wconf 53' lang='grc' dir='ltr'><strong>ΝΗ</strong></span> <span class='ocrx_word' id='word_1_112' title='bbox 431 1390 574 1445; x_wconf 56' lang='grc' dir='ltr'><strong>Βθὸῑῑ</strong></span> <span class='ocrx_word' id='word_1_113' title='bbox 604 1422 726 1479; x_wconf 86' lang='lat' dir='ltr'><strong>que</strong></span> <span class='ocrx_word' id='word_1_114' title='bbox 759 1422 949 1479; x_wconf 86' lang='lat' dir='ltr'><strong>porro</strong></span> <span class='ocrx_word' id='word_1_115' title='bbox 988 1402 1347 1462; x_wconf 77' lang='lat' dir='ltr'><strong>muneribus</strong></span> <span class='ocrx_word' id='word_1_116' title='bbox 1372 1404 1607 1477; x_wconf 82' lang='lat' dir='ltr'><strong>integre</strong></span> <span class='ocrx_word' id='word_1_117' title='bbox 1635 1402 2078 1464; x_wconf 69' lang='lat' dir='ltr'><strong>administratis</strong></span> <span class='ocrx_word' id='word_1_118' title='bbox 2096 1445 2113 1474; x_wconf 87' lang='lat'><strong>,</strong></span> <span class='ocrx_word' id='word_1_119' title='bbox 2153 1400 2227 1460; x_wconf 88' lang='lat' dir='ltr'><strong>de</strong></span> 
     </span>
     <span class='ocr_line' id='line_1_18' title="bbox 291 1460 2226 1557; baseline 0.001 -22"><span class='ocrx_word' id='word_1_120' title='bbox 291 1460 423 1513; x_wconf 70' lang='lat' dir='ltr'><strong>Vm·</strong></span> <span class='ocrx_word' id='word_1_121' title='bbox 591 1481 940 1555; x_wconf 69' lang='lat' dir='ltr'><strong>‚improviso</strong></span> <span class='ocrx_word' id='word_1_122' title='bbox 987 1482 1325 1557; x_wconf 73' lang='lat' dir='ltr'><strong>in·sorte1n</strong></span> <span class='ocrx_word' id='word_1_123' title='bbox 1371 1480 1615 1539; x_wconf 88' lang='lat' dir='ltr'><strong>Domini</strong></span> <span class='ocrx_word' id='word_1_124' title='bbox 1659 1490 1948 1551; x_wconf 83' lang='lat' dir='ltr'><strong>vocatus,</strong></span> <span class='ocrx_word' id='word_1_125' title='bbox 1990 1478 2226 1539; x_wconf 85' lang='lat' dir='ltr'><strong>divino·</strong></span> 
     </span>
     <span class='ocr_line' id='line_1_19' title="bbox 603 1554 2229 1632; baseline -0.001 -16"><span class='ocrx_word' id='word_1_126' title='bbox 603 1558 972 1632; x_wconf 59' lang='lat' dir='ltr'><strong>que-afflatu·</strong></span> <span class='ocrx_word' id='word_1_127' title='bbox 999 1556 1277 1615; x_wconf 87' lang='lat' dir='ltr'><strong>Numinis</strong></span> <span class='ocrx_word' id='word_1_128' title='bbox 1302 1560 1561 1615; x_wconf 81' lang='lat' dir='ltr'><strong>Romam</strong></span> <span class='ocrx_word' id='word_1_129' title='bbox 1594 1558 1949 1627; x_wconf 75' lang='lat' dir='ltr'><strong>accersituS‚</strong></span> <span class='ocrx_word' id='word_1_130' title='bbox 1977 1554 2056 1613; x_wconf 82' lang='lat' dir='ltr'><strong>ad</strong></span> <span class='ocrx_word' id='word_1_131' title='bbox 2088 1556 2229 1615; x_wconf 79' lang='lat' dir='ltr'><strong>novi</strong></span> 
     </span>
    </p>

    <p class='ocr_par' dir='ltr' id='par_1_8' title="bbox 597 1630 2229 1787">
     <span class='ocr_line' id='line_1_20' title="bbox 598 1630 2229 1711; baseline 0.001 -23"><span class='ocrx_word' id='word_1_132' title='bbox 598 1634 801 1711; x_wconf 89' lang='lat' dir='ltr'><strong>operis</strong></span> <span class='ocrx_word' id='word_1_133' title='bbox 845 1634 1256 1695; x_wconf 81' lang='lat' dir='ltr'><strong>ministerium</strong></span> <span class='ocrx_word' id='word_1_134' title='bbox 1284 1677 1323 1705; x_wconf 84' lang='lat'><strong>‚.</strong></span> <span class='ocrx_word' id='word_1_135' title='bbox 1346 1632 1704 1693; x_wconf 86' lang='lat' dir='ltr'><strong>Christiano</strong></span> <span class='ocrx_word' id='word_1_136' title='bbox 1760 1630 1993 1709; x_wconf 89' lang='lat' dir='ltr'><strong>Populo</strong></span> <span class='ocrx_word' id='word_1_137' title='bbox 2046 1652 2229 1707; x_wconf 83' lang='lat' dir='ltr'><strong>quam</strong></span> 
     </span>
     <span class='ocr_line' id='line_1_21' title="bbox 597 1708 2223 1787; baseline -0.004 -16"><span class='ocrx_word' id='word_1_138' title='bbox 597 1711 863 1771; x_wconf 82' lang='lat' dir='ltr'><strong>maxime</strong></span> <span class='ocrx_word' id='word_1_139' title='bbox 904 1710 1357 1787; x_wconf 48' lang='lat' dir='ltr'><strong>profuturum„</strong></span> <span class='ocrx_word' id='word_1_140' title='bbox 1388 1708 1599 1769; x_wconf 85' lang='lat' dir='ltr'><strong>sedulo</strong></span> <span class='ocrx_word' id='word_1_141' title='bbox 1648 1712 1923 1769; x_wconf 82' lang='lat' dir='ltr'><strong>animum</strong></span> <span class='ocrx_word' id='word_1_142' title='bbox 1984 1709 2223 1785; x_wconf 81' lang='lat' dir='ltr'><strong>adjecit.</strong></span> 
     </span>
    </p>

    <p class='ocr_par' dir='ltr' id='par_1_9' title="bbox 599 1786 2227 1939">
     <span class='ocr_line' id='line_1_22' title="bbox 601 1786 2225 1866; baseline -0.002 -19"><span class='ocrx_word' id='word_1_143' title='bbox 601 1791 761 1847; x_wconf 86' lang='lat' dir='ltr'><strong>Cum</strong></span> <span class='ocrx_word' id='word_1_144' title='bbox 785 1787 950 1844; x_wconf 87' lang='lat' dir='ltr'><strong>enim</strong></span> <span class='ocrx_word' id='word_1_145' title='bbox 985 1786 1215 1861; x_wconf 85' lang='lat' dir='ltr'><strong>ubique</strong></span> <span class='ocrx_word' id='word_1_146' title='bbox 1245 1788 1515 1860; x_wconf 86' lang='lat' dir='ltr'><strong>gentium</strong></span> <span class='ocrx_word' id='word_1_147' title='bbox 1553 1788 1875 1866; x_wconf 82' lang='lat' dir='ltr'><strong>miserrimi</strong></span> <span class='ocrx_word' id='word_1_148' title='bbox 1916 1805 2087 1861; x_wconf 82' lang='lat' dir='ltr'><strong>aeque</strong></span> <span class='ocrx_word' id='word_1_149' title='bbox 2110 1831 2127 1859; x_wconf 83' lang='lat'><strong>,</strong></span> <span class='ocrx_word' id='word_1_150' title='bbox 2160 1805 2225 1844; x_wconf 81' lang='lat' dir='ltr'><strong>ac</strong></span> 
     </span>
     <span class='ocr_line' id='line_1_23' title="bbox 599 1863 2227 1939; baseline -0.001 -18"><span class='ocrx_word' id='word_1_151' title='bbox 599 1863 1076 1937; x_wconf 82' lang='lat' dir='ltr'><strong>frequentissimi</strong></span> <span class='ocrx_word' id='word_1_152' title='bbox 1107 1865 1283 1937; x_wconf 89' lang='lat' dir='ltr'><strong>pueri</strong></span> <span class='ocrx_word' id='word_1_153' title='bbox 1304 1869 1593 1939; x_wconf 62' lang='lat' dir='ltr'><strong>jacerent</strong></span> <span class='ocrx_word' id='word_1_154' title='bbox 1636 1866 1697 1923; x_wconf 81' lang='lat' dir='ltr'><strong>in&#39;</strong></span> <span class='ocrx_word' id='word_1_155' title='bbox 1731 1863 1931 1923; x_wconf 74' lang='lat' dir='ltr'><strong>triviis</strong></span> <span class='ocrx_word' id='word_1_156' title='bbox 1960 1907 1976 1936; x_wconf 94' lang='lat'>,</span> <span class='ocrx_word' id='word_1_157' title='bbox 2018 1872 2084 1921; x_wconf 83' lang='lat' dir='ltr'><strong>et</strong></span> <span class='ocrx_word' id='word_1_158' title='bbox 2122 1882 2227 1937; x_wconf 88' lang='lat' dir='ltr'><strong>per</strong></span> 
     </span>
    </p>

    <p class='ocr_par' dir='ltr' id='par_1_10' title="bbox 601 1936 2223 2017">
     <span class='ocr_line' id='line_1_24' title="bbox 601 1936 2223 2017; baseline 0 -20"><span class='ocrx_word' id='word_1_159' title='bbox 601 1940 869 2013; x_wconf 82' lang='lat' dir='ltr'><strong>compita</strong></span> <span class='ocrx_word' id='word_1_160' title='bbox 900 1937 1377 2013; x_wconf 81' lang='lat' dir='ltr'><strong>divagarentur‚·</strong></span> <span class='ocrx_word' id='word_1_161' title='bbox 1403 1960 1557 2017; x_wconf 80' lang='lat' dir='ltr'><strong>quos</strong></span> <span class='ocrx_word' id='word_1_162' title='bbox 1582 1962 1707 2000; x_wconf 88' lang='lat' dir='ltr'><strong>non</strong></span> <span class='ocrx_word' id='word_1_163' title='bbox 1734 1938 1944 2001; x_wconf 80' lang='lat' dir='ltr'><strong>divina</strong></span> <span class='ocrx_word' id='word_1_164' title='bbox 1964 1936 2223 2014; x_wconf 82' lang='lat' dir='ltr'><strong>Religio,</strong></span> 
     </span>
    </p>

    <p class='ocr_par' dir='ltr' id='par_1_11' title="bbox 587 2013 2221 2090">
     <span class='ocr_line' id='line_1_25' title="bbox 587 2013 2221 2090; baseline 0.001 -17"><span class='ocrx_word' id='word_1_165' title='bbox 587 2018 734 2073; x_wconf 73' lang='lat' dir='ltr'><strong>,non</strong></span> <span class='ocrx_word' id='word_1_166' title='bbox 769 2013 944 2073; x_wconf 82' lang='lat' dir='ltr'><strong>famae</strong></span> <span class='ocrx_word' id='word_1_167' title='bbox 987 2015 1190 2090; x_wconf 81' lang='lat' dir='ltr'><strong>pudor</strong></span> <span class='ocrx_word' id='word_1_168' title='bbox 1216 2062 1231 2090; x_wconf 87' lang='lat'>,</span> <span class='ocrx_word' id='word_1_169' title='bbox 1270 2016 1391 2075; x_wconf 69' lang='lat' dir='ltr'><strong>no&#39;n</strong></span> <span class='ocrx_word' id='word_1_170' title='bbox 1432 2037 1607 2076; x_wconf 83' lang='lat' dir='ltr'><strong>amor</strong></span> <span class='ocrx_word' id='word_1_171' title='bbox 1640 2018 1889 2085; x_wconf 74' lang='lat' dir='ltr'><strong>virtutis</strong></span> <span class='ocrx_word' id='word_1_172' title='bbox 1915 2062 1930 2089; x_wconf 87' lang='lat'>‚</span> <span class='ocrx_word' id='word_1_173' title='bbox 1973 2038 2099 2075; x_wconf 89' lang='lat' dir='ltr'><strong>non</strong></span> <span class='ocrx_word' id='word_1_174' title='bbox 2126 2020 2221 2075; x_wconf 79' lang='lat' dir='ltr'><strong>Pa-</strong></span> 
     </span>
    </p>

    <p class='ocr_par' dir='ltr' id='par_1_12' title="bbox 601 2090 2223 2171">
     <span class='ocr_line' id='line_1_26' title="bbox 601 2090 2223 2171; baseline -0.001 -20"><span class='ocrx_word' id='word_1_175' title='bbox 601 2102 854 2151; x_wconf 84' lang='lat' dir='ltr'><strong>rentum</strong></span> <span class='ocrx_word' id='word_1_176' title='bbox 902 2090 1256 2167; x_wconf 80' lang='lat' dir='ltr'><strong>diseiplina‚</strong></span> <span class='ocrx_word' id='word_1_177' title='bbox 1300 2113 1423 2153; x_wconf 90' lang='lat' dir='ltr'><strong>non</strong></span> <span class='ocrx_word' id='word_1_178' title='bbox 1478 2093 1603 2153; x_wconf 77' lang='lat' dir='ltr'><strong>lats</strong></span> <span class='ocrx_word' id='word_1_179' title='bbox 1646 2101 1783 2171; x_wconf 78' lang='lat' dir='ltr'><strong>jura</strong></span> <span class='ocrx_word' id='word_1_180' title='bbox 1824 2093 2223 2163; x_wconf 77' lang='lat' dir='ltr'><strong>coercebant,</strong></span> 
     </span>
    </p>

    <p class='ocr_par' dir='ltr' id='par_1_13' title="bbox 601 2168 2221 2245">
     <span class='ocr_line' id='line_1_27' title="bbox 601 2168 2221 2245; baseline -0.001 -18"><span class='ocrx_word' id='word_1_181' title='bbox 601 2171 828 2245; x_wconf 86' lang='lat' dir='ltr'><strong>quique</strong></span> <span class='ocrx_word' id='word_1_182' title='bbox 865 2188 977 2244; x_wconf 87' lang='lat' dir='ltr'><strong>per</strong></span> <span class='ocrx_word' id='word_1_183' title='bbox 1023 2180 1271 2245; x_wconf 86' lang='lat' dir='ltr'><strong>turpem</strong></span> <span class='ocrx_word' id='word_1_184' title='bbox 1313 2169 1606 2231; x_wconf 86' lang='lat' dir='ltr'><strong>desidiam</strong></span> <span class='ocrx_word' id='word_1_185' title='bbox 1638 2173 1705 2231; x_wconf 83' lang='lat' dir='ltr'><strong>in</strong></span> <span class='ocrx_word' id='word_1_186' title='bbox 1738 2173 1903 2232; x_wconf 82' lang='lat' dir='ltr'><strong>vitiis</strong></span> <span class='ocrx_word' id='word_1_187' title='bbox 1947 2168 2221 2240; x_wconf 85' lang='lat' dir='ltr'><strong>enutriti,</strong></span> 
     </span>
    </p>

    <p class='ocr_par' dir='ltr' id='par_1_14' title="bbox 601 2245 2224 2399">
     <span class='ocr_line' id='line_1_28' title="bbox 601 2245 2224 2323; baseline -0.002 -18"><span class='ocrx_word' id='word_1_188' title='bbox 601 2245 683 2305; x_wconf 86' lang='lat' dir='ltr'><strong>ad</strong></span> <span class='ocrx_word' id='word_1_189' title='bbox 717 2245 1082 2305; x_wconf 65' lang='lat' dir='ltr'><strong>Christiani·</strong></span> <span class='ocrx_word' id='word_1_190' title='bbox 1109 2246 1376 2305; x_wconf 77' lang='lat' dir='ltr'><strong>nominis</strong></span> <span class='ocrx_word' id='word_1_191' title='bbox 1414 2246 1753 2323; x_wconf 75' lang='lat' dir='ltr'><strong>probrum,</strong></span> <span class='ocrx_word' id='word_1_192' title='bbox 1780 2246 1865 2305; x_wconf 77' lang='lat' dir='ltr'><strong>&#39;et</strong></span> <span class='ocrx_word' id='word_1_193' title='bbox 1902 2247 2224 2323; x_wconf 87' lang='lat' dir='ltr'><strong>perniciem</strong></span> 
     </span>
     <span class='ocr_line' id='line_1_29' title="bbox 603 2320 2223 2399; baseline -0.001 -18"><span class='ocrx_word' id='word_1_194' title='bbox 603 2320 978 2399; x_wconf 73' lang='lat' dir='ltr'><strong>Reipublicae</strong></span> <span class='ocrx_word' id='word_1_195' title='bbox 1037 2320 1382 2382; x_wconf 79' lang='lat' dir='ltr'><strong>adolescere</strong></span> <span class='ocrx_word' id='word_1_196' title='bbox 1437 2322 1811 2384; x_wconf 84' lang='lat' dir='ltr'><strong>videbantur</strong></span> <span class='ocrx_word' id='word_1_197' title='bbox 1846 2365 1867 2389; x_wconf 89' lang='lat'>‚</span> <span class='ocrx_word' id='word_1_198' title='bbox 1922 2324 2223 2383; x_wconf 84' lang='lat' dir='ltr'><strong>teterrimo</strong></span> 
     </span>
    </p>

    <p class='ocr_par' dir='ltr' id='par_1_15' title="bbox 585 2399 2222 2475">
     <span class='ocr_line' id='line_1_30' title="bbox 585 2399 2222 2475; baseline -0.002 -16"><span class='ocrx_word' id='word_1_199' title='bbox 585 2400 755 2459; x_wconf 88' lang='lat' dir='ltr'><strong>·huic</strong></span> <span class='ocrx_word' id='word_1_200' title='bbox 780 2400 1168 2459; x_wconf 88' lang='lat' dir='ltr'><strong>incommodo</strong></span> <span class='ocrx_word' id='word_1_201' title='bbox 1195 2399 1577 2460; x_wconf 81' lang='lat' dir='ltr'><strong>Venerabilis</strong></span> <span class='ocrx_word' id='word_1_202' title='bbox 1600 2403 1706 2460; x_wconf 91' lang='lat' dir='ltr'><strong>Dei</strong></span> <span class='ocrx_word' id='word_1_203' title='bbox 1742 2406 1965 2464; x_wconf 76' lang='lat' dir='ltr'><strong>Servus</strong></span> <span class='ocrx_word' id='word_1_204' title='bbox 1982 2447 1997 2473; x_wconf 84' lang='lat'>‚</span> <span class='ocrx_word' id='word_1_205' title='bbox 2024 2408 2222 2475; x_wconf 84' lang='lat' dir='ltr'><strong>utpote</strong></span> 
     </span>
    </p>

    <p class='ocr_par' dir='ltr' id='par_1_16' title="bbox 589 2476 2219 2553">
     <span class='ocr_line' id='line_1_31' title="bbox 589 2476 2219 2553; baseline -0.004 -14"><span class='ocrx_word' id='word_1_206' title='bbox 589 2496 808 2539; x_wconf 83' lang='lat' dir='ltr'><strong>-uovus</strong></span> <span class='ocrx_word' id='word_1_207' title='bbox 826 2478 1032 2538; x_wconf 82' lang='lat' dir='ltr'><strong>Vineae</strong></span> <span class='ocrx_word' id='word_1_208' title='bbox 1063 2476 1395 2553; x_wconf 73' lang='lat' dir='ltr'><strong>Operarius</strong></span> <span class='ocrx_word' id='word_1_209' title='bbox 1413 2522 1429 2550; x_wconf 89' lang='lat'>,</span> <span class='ocrx_word' id='word_1_210' title='bbox 1456 2476 1699 2536; x_wconf 84' lang='lat' dir='ltr'><strong>fortiter</strong></span> <span class='ocrx_word' id='word_1_211' title='bbox 1739 2497 1866 2536; x_wconf 88' lang='lat' dir='ltr'><strong>sese</strong></span> <span class='ocrx_word' id='word_1_212' title='bbox 1890 2495 2219 2553; x_wconf 86' lang='lat' dir='ltr'><strong>opponens,</strong></span> 
     </span>
    </p>

    <p class='ocr_par' dir='ltr' id='par_1_17' title="bbox 609 2552 2221 2631">
     <span class='ocr_line' id='line_1_32' title="bbox 609 2552 2221 2631; baseline -0.003 -18"><span class='ocrx_word' id='word_1_213' title='bbox 609 2553 772 2613; x_wconf 89' lang='lat' dir='ltr'><strong>nihil</strong></span> <span class='ocrx_word' id='word_1_214' title='bbox 798 2552 1017 2631; x_wconf 84' lang='lat' dir='ltr'><strong>reliqui</strong></span> <span class='ocrx_word' id='word_1_215' title='bbox 1039 2553 1217 2619; x_wconf 59' lang='lat' dir='ltr'><strong>fecit²</strong></span> <span class='ocrx_word' id='word_1_216' title='bbox 1252 2554 1579 2629; x_wconf 86' lang='lat' dir='ltr'><strong>quominus</strong></span> <span class='ocrx_word' id='word_1_217' title='bbox 1616 2552 2039 2630; x_wconf 81' lang='lat' dir='ltr'><strong>hujuscemodi</strong></span> <span class='ocrx_word' id='word_1_218' title='bbox 2064 2553 2221 2629; x_wconf 83' lang='lat' dir='ltr'><strong>pueri</strong></span> 
     </span>
    </p>

    <p class='ocr_par' dir='ltr' id='par_1_18' title="bbox 591 2628 2219 2706">
     <span class='ocr_line' id='line_1_33' title="bbox 591 2628 2219 2706; baseline -0.002 -16"><span class='ocrx_word' id='word_1_219' title='bbox 591 2652 648 2690; x_wconf 80' lang='lat' dir='ltr'><strong>-a</strong></span> <span class='ocrx_word' id='word_1_220' title='bbox 687 2629 926 2690; x_wconf 80' lang='lat' dir='ltr'><strong>Diaboli</strong></span> <span class='ocrx_word' id='word_1_221' title='bbox 972 2631 1333 2705; x_wconf 78' lang='lat' dir='ltr'><strong>contagione</strong></span> <span class='ocrx_word' id='word_1_222' title='bbox 1358 2628 1658 2706; x_wconf 80' lang='lat' dir='ltr'><strong>&#39;abducti‚</strong></span> <span class='ocrx_word' id='word_1_223' title='bbox 1702 2631 1781 2689; x_wconf 81' lang='lat' dir='ltr'><strong>ad</strong></span> <span class='ocrx_word' id='word_1_224' title='bbox 1819 2630 2219 2705; x_wconf 79' lang='lat' dir='ltr'><strong>Religionem,</strong></span> 
     </span>
    </p>

    <p class='ocr_par' dir='ltr' id='par_1_19' title="bbox 589 2704 2219 2775">
     <span class='ocr_line' id='line_1_34' title="bbox 589 2704 2219 2775; baseline -0.002 -9"><span class='ocrx_word' id='word_1_225' title='bbox 589 2715 676 2766; x_wconf 59' lang='lat' dir='ltr'><strong>‘et</strong></span> <span class='ocrx_word' id='word_1_226' title='bbox 709 2705 1088 2766; x_wconf 76' lang='lat' dir='ltr'><strong>charitatem</strong></span> <span class='ocrx_word' id='word_1_227' title='bbox 1126 2705 1631 2767; x_wconf 71' lang='lat' dir='ltr'><strong>informarentur-⁴</strong></span> <span class='ocrx_word' id='word_1_228' title='bbox 1659 2706 1929 2766; x_wconf 77' lang='lat' dir='ltr'><strong>Primum</strong></span> <span class='ocrx_word' id='word_1_229' title='bbox 1960 2704 2219 2775; x_wconf 80' lang='lat' dir='ltr'><strong>consiliu,</strong></span> 
     </span>
    </p>

    <p class='ocr_par' dir='ltr' id='par_1_20' title="bbox 590 2780 2221 3013">
     <span class='ocr_line' id='line_1_35' title="bbox 590 2780 2221 2861; baseline -0.002 -20"><span class='ocrx_word' id='word_1_230' title='bbox 590 2820 602 2827; x_wconf 90' lang='lat'>-</span> <span class='ocrx_word' id='word_1_231' title='bbox 656 2782 925 2853; x_wconf 77' lang='lat' dir='ltr'><strong>recibu3‚</strong></span> <span class='ocrx_word' id='word_1_232' title='bbox 969 2793 1031 2842; x_wconf 86' lang='lat' dir='ltr'><strong>et</strong></span> <span class='ocrx_word' id='word_1_233' title='bbox 1067 2794 1202 2858; x_wconf 62' lang='lat' dir='ltr'><strong>qua⁴</strong></span> <span class='ocrx_word' id='word_1_234' title='bbox 1234 2804 1300 2841; x_wconf 89' lang='lat' dir='ltr'><strong>re</strong></span> <span class='ocrx_word' id='word_1_235' title='bbox 1338 2786 1607 2861; x_wconf 78' lang='lat' dir='ltr'><strong>cumque</strong></span> <span class='ocrx_word' id='word_1_236' title='bbox 1630 2780 1871 2859; x_wconf 76' lang='lat' dir='ltr'><strong>potuit,</strong></span> <span class='ocrx_word' id='word_1_237' title='bbox 1906 2782 2021 2843; x_wconf 77' lang='lat' dir='ltr'><strong>Vir</strong></span> <span class='ocrx_word' id='word_1_238' title='bbox 2054 2780 2221 2859; x_wconf 71' lang='lat' dir='ltr'><strong>”plane</strong></span> 
     </span>
     <span class='ocr_line' id='line_1_36' title="bbox 609 2804 2219 2937; baseline -0.004 -15"><span class='ocrx_word' id='word_1_239' title='bbox 609 2804 978 2922; x_wconf 60' lang='lat' dir='ltr'><strong>gamilitatis</strong></span> <span class='ocrx_word' id='word_1_240' title='bbox 1041 2859 1517 2921; x_wconf 77' lang='lat' dir='ltr'><strong>studiosissimus</strong></span> <span class='ocrx_word' id='word_1_241' title='bbox 1552 2872 1589 2932; x_wconf 87' lang='grc'><strong>,“</strong></span> <span class='ocrx_word' id='word_1_242' title='bbox 1622 2859 2219 2937; x_wconf 70' lang='lat' dir='ltr'><strong>hujusmodi-oneris</strong></span> 
     </span>
     <span class='ocr_line' id='line_1_37' title="bbox 607 2932 2221 3013; baseline 0.002 -16"><span class='ocrx_word' id='word_1_243' title='bbox 607 2936 982 3013; x_wconf 76' lang='lat' dir='ltr'><strong>suscipiendi</strong></span> <span class='ocrx_word' id='word_1_244' title='bbox 1005 2934 1321 3010; x_wconf 71' lang='lat' dir='ltr'><strong>pluribus</strong></span> <span class='ocrx_word' id='word_1_245' title='bbox 1356 2936 1613 2999; x_wconf 57' lang='lat' dir='ltr'><strong>Auctor:</strong></span> <span class='ocrx_word' id='word_1_246' title='bbox 1638 2936 1780 2997; x_wconf 78' lang='lat' dir='ltr'><strong>fuit.</strong></span> <span class='ocrx_word' id='word_1_247' title='bbox 1808 2942 2052 3005; x_wconf 67' lang='lat' dir='ltr'><strong>IVerum</strong></span> <span class='ocrx_word' id='word_1_248' title='bbox 2073 2935 2080 2942; x_wconf 80' lang='grc'>’</span> <span class='ocrx_word' id='word_1_249' title='bbox 2103 2932 2221 3000; x_wconf 68' lang='lat' dir='ltr'><strong>aliis</strong></span> 
     </span>
    </p>

    <p class='ocr_par' dir='ltr' id='par_1_21' title="bbox 613 3010 2219 3168">
     <span class='ocr_line' id='line_1_38' title="bbox 613 3010 2219 3091; baseline -0.004 -16"><span class='ocrx_word' id='word_1_250' title='bbox 613 3013 732 3075; x_wconf 80' lang='lat' dir='ltr'><strong>alia</strong></span> <span class='ocrx_word' id='word_1_251' title='bbox 773 3010 1204 3087; x_wconf 53' lang='lat' dir='ltr'><strong>causandbffi,</strong></span> <span class='ocrx_word' id='word_1_252' title='bbox 1252 3014 1619 3091; x_wconf 79' lang='lat' dir='ltr'><strong>tantumque</strong></span> <span class='ocrx_word' id='word_1_253' title='bbox 1648 3012 1891 3091; x_wconf 61' lang='lat' dir='ltr'><strong>pietatis</strong></span> <span class='ocrx_word' id='word_1_254' title='bbox 1934 3010 2080 3089; x_wconf 76' lang='lat' dir='ltr'><strong>dpus</strong></span> <span class='ocrx_word' id='word_1_255' title='bbox 2127 3010 2219 3069; x_wconf 87' lang='lat' dir='ltr'><strong>de·</strong></span> 
     </span>
     <span class='ocr_line' id='line_1_39' title="bbox 613 3090 2219 3168; baseline -0.004 -17"><span class='ocrx_word' id='word_1_256' title='bbox 613 3090 1026 3151; x_wconf 77' lang='lat' dir='ltr'><strong>trectantibus</strong></span> <span class='ocrx_word' id='word_1_257' title='bbox 1045 3090 1361 3163; x_wconf 49' lang='lat' dir='ltr'><strong>,universis</strong></span> <span class='ocrx_word' id='word_1_258' title='bbox 1374 3136 1391 3164; x_wconf 88' lang='lat'>‚</span> <span class='ocrx_word' id='word_1_259' title='bbox 1426 3090 1543 3149; x_wconf 84' lang='lat' dir='ltr'><strong>sihi</strong></span> <span class='ocrx_word' id='word_1_260' title='bbox 1580 3091 1841 3150; x_wconf 75' lang='lat' dir='ltr'><strong>&#39;demum</strong></span> <span class='ocrx_word' id='word_1_261' title='bbox 1860 3100 2089 3166; x_wconf 74' lang='lat' dir='ltr'><strong>:praeter</strong></span> <span class='ocrx_word' id='word_1_262' title='bbox 2102 3103 2219 3168; x_wconf 52' lang='lat' dir='ltr'><strong>cai-</strong></span> 
     </span>
    </p>

    <p class='ocr_par' dir='ltr' id='par_1_22' title="bbox 595 3166 2221 3243">
     <span class='ocr_line' id='line_1_40' title="bbox 595 3166 2221 3243; baseline -0.004 -16"><span class='ocrx_word' id='word_1_263' title='bbox 595 3178 780 3227; x_wconf 78' lang='lat' dir='ltr'><strong>·teros</strong></span> <span class='ocrx_word' id='word_1_264' title='bbox 815 3166 1114 3243; x_wconf 77' lang='lat' dir='ltr'><strong>intellexit</strong></span> <span class='ocrx_word' id='word_1_265' title='bbox 1157 3166 1240 3225; x_wconf 82' lang='lat' dir='ltr'><strong>ab.</strong></span> <span class='ocrx_word' id='word_1_266' title='bbox 1268 3187 1339 3226; x_wconf 90' lang='lat' dir='ltr'><strong>eo</strong></span> <span class='ocrx_word' id='word_1_267' title='bbox 1360 3212 1377 3239; x_wconf 91' lang='lat'><strong>,</strong></span> <span class='ocrx_word' id='word_1_268' title='bbox 1420 3169 1547 3243; x_wconf 86' lang='lat' dir='ltr'><strong>qui·</strong></span> <span class='ocrx_word' id='word_1_269' title='bbox 1566 3167 1943 3243; x_wconf 75' lang='lat' dir='ltr'><strong>Angelorum</strong></span> <span class='ocrx_word' id='word_1_270' title='bbox 1974 3166 2221 3225; x_wconf 86' lang='lat' dir='ltr'><strong>ministe-</strong></span> 
     </span>
    </p>

    <p class='ocr_par' dir='ltr' id='par_1_23' title="bbox 317 3238 2225 3477">
     <span class='ocr_line' id='line_1_41' title="bbox 615 3238 2221 3333; baseline -0.002 -32"><span class='ocrx_word' id='word_1_271' title='bbox 615 3246 706 3302; x_wconf 87' lang='lat' dir='ltr'><strong>ria</strong></span> <span class='ocrx_word' id='word_1_272' title='bbox 723 3290 742 3314; x_wconf 80' lang='lat'>‚</span> <span class='ocrx_word' id='word_1_273' title='bbox 769 3244 1216 3320; x_wconf 85' lang='lat' dir='ltr'><strong>hominumque</strong></span> <span class='ocrx_word' id='word_1_274' title='bbox 1246 3243 1593 3319; x_wconf 63' lang='lat' dir='ltr'><strong>dispensat,</strong></span> <span class='ocrx_word' id='word_1_275' title='bbox 1610 3256 1955 3333; x_wconf 78' lang='lat' dir='ltr'><strong>,pauperem</strong></span> <span class='ocrx_word' id='word_1_276' title='bbox 1981 3238 2221 3301; x_wconf 55' lang='lat' dir='ltr'><strong>dex-aliut</strong></span> 
     </span>
     <span class='ocr_line' id='line_1_42' title="bbox 343 3318 2223 3397; baseline -0.001 -21"><span class='ocrx_word' id='word_1_277' title='bbox 343 3322 760 3393; x_wconf 46' lang='lat' dir='ltr'><strong>noima-qui,</strong></span> <span class='ocrx_word' id='word_1_278' title='bbox 803 3331 867 3379; x_wconf 88' lang='lat' dir='ltr'><strong>et</strong></span> <span class='ocrx_word' id='word_1_279' title='bbox 904 3320 1167 3395; x_wconf 85' lang='lat' dir='ltr'><strong>orphani</strong></span> <span class='ocrx_word' id='word_1_280' title='bbox 1210 3318 1587 3397; x_wconf 73' lang='lat' dir='ltr'><strong>adjutorium</strong></span> <span class='ocrx_word' id='word_1_281' title='bbox 1630 3320 2065 3381; x_wconf 65' lang='lat' dir='ltr'><strong>commendari.</strong></span> <span class='ocrx_word' id='word_1_282' title='bbox 2106 3321 2223 3376; x_wconf 84' lang='lat' dir='ltr'><strong>Cae-</strong></span> 
     </span>
     <span class='ocr_line' id='line_1_43' title="bbox 317 3396 2225 3477; baseline -0.006 -16"><span class='ocrx_word' id='word_1_283' title='bbox 317 3410 518 3461; x_wconf 77' lang='lat' dir='ltr'><strong>tutione</strong></span> <span class='ocrx_word' id='word_1_284' title='bbox 616 3396 764 3456; x_wconf 88' lang='lat' dir='ltr'><strong>teris</strong></span> <span class='ocrx_word' id='word_1_285' title='bbox 802 3398 988 3469; x_wconf 81' lang='lat' dir='ltr'><strong>igitur</strong></span> <span class='ocrx_word' id='word_1_286' title='bbox 1013 3396 1503 3477; x_wconf 81' lang='lat' dir='ltr'><strong>quibuscumque</strong></span> <span class='ocrx_word' id='word_1_287' title='bbox 1526 3401 1687 3461; x_wconf 84' lang='lat' dir='ltr'><strong>curis</strong></span> <span class='ocrx_word' id='word_1_288' title='bbox 1723 3398 1974 3475; x_wconf 76' lang='lat' dir='ltr'><strong>abjectis</strong></span> <span class='ocrx_word' id='word_1_289' title='bbox 1992 3442 2007 3473; x_wconf 86' lang='lat'><em>‚</em></span> <span class='ocrx_word' id='word_1_290' title='bbox 2030 3414 2131 3472; x_wconf 85' lang='lat' dir='ltr'><strong>per</strong></span> <span class='ocrx_word' id='word_1_291' title='bbox 2166 3412 2225 3451; x_wconf 85' lang='lat' dir='ltr'><strong>se</strong></span> 
     </span>
    </p>
   </div>
   <div class='ocr_carea' id='block_1_3' title="bbox 2357 0 2390 2635">
    <p class='ocr_par' dir='ltr' id='par_1_24' title="bbox 2357 0 2390 2635">
     <span class='ocr_line' id='line_1_44' title="bbox 2357 0 2390 2635; baseline 0 0"><span class='ocrx_word' id='word_1_292' title='bbox 2357 0 2390 2635; x_wconf 95' lang='lat' dir='ltr'><strong> </strong></span> 
     </span>
    </p>
   </div>
  </div>
 </body>
</html>
