2409 3984
648 120 655 127 ’
721 129 1172 202 BULLAnnm.
1692 153 1771 224 71

35 253 45 323 ’Ξ
147 257 324 318 super
339 231 787 318 impedimento
805 239 1011 316 aliquo
1035 253 1463 304 concesserunt
1477 287 1495 319 ,
1522 261 1647 303 non
1668 244 1773 304 nd·
1827 255 1880 316 A
1896 271 1986 314 111<
2000 253 2041 314 ‘0

145 327 301 396 jecta
342 317 702 378 conditione
753 317 1225 395 de-abjuranda
1283 323 1452 403 prius
1502 322 1725 382 Haeresi
1755 365 1772 392 ‚
1858 324 2005 392 1748.

147 396 476 468 rarissimas
517 395 794 470 primum
831 397 1103 452 omnium
1134 395 1395 456 dicimus
1429 396 1775 474 huiusmodi
1794 413 1849 460 et
1921 424 2038 458 cum

149 473 558 534 concessiones
593 469 808 544 fuisse,
839 480 904 528 et
939 471 1184 547 quidem
1223 471 1542 549 plerasque
1565 495 1776 536 earum
1796 476 2073 552 grnyicau-

147 569 254 625 pro
287 549 696 608 matrimoniis
729 549 891 606 inter
935 551 1259 624 Supremos
1297 552 1601 627 Principes
1629 571 1773 610 con·
1798 557 1871 592 ⁸⁸·

149 625 494 698 trahendiS,
545 643 658 684 nee
708 625 826 682 nisi
865 627 1218 700 gravissima
1260 637 1519 703 urgente
1559 647 1736 686 causa
1762 671 1777 699 ‚

151 722 336 779 eaque
375 701 454 761 ad
505 700 827 778 publicum
885 699 1117 771 bonum
1150 705 1503 778 pertinente
1532 749 1549 777 ,
1593 703 1780 764 factas

149 780 360 852 fuisse,
395 781 652 854 insuper
685 779 948 854 adjectas
985 798 1226 856 semper
1270 780 1453 844 fuiss-e
1486 791 1777 856 opportu-

151 877 259 915 nas
322 855 626 927 cautelas,
693 865 827 914 tum
876 875 959 914 ne
997 861 1237 932 Coniux
1296 856 1649 918 Catholicus
1703 857 1783 916 ab
1850 883 2077 940 Cantelae

151 935 442 992 Haeoetieo
499 934 774 1008 perverti
814 943 1053 1007 posset,
1107 936 1257 1010 quin
1389 936 1509 994 tius
1548 933 1653 994 ille
1691 945 1779 993 te·
1799 953 1856 1005 in
1940 956 2078 1008 hisce

155 1012 280 1069 neri
333 1031 396 1069 se
445 1011 629 1072 sciret
669 1008 748 1078 ad
797 1008 966 1076 ‘hunc
1017 1029 1132 1084 pro
1180 955 1417 1072 viriffis
1454 1011 1533 1071 ab
1572 1031 1782 1070 errore
1802 1021 2007 1072 casibus

151 1085 628 1162 retrahendum3
671 1095 804 1144 tum
839 1089 1057 1161 etiam,
1099 1098 1170 1146 ut
1214 1087 1419 1163 proles
1460 1090 1783 1166 utriusque
1804 1089 2055 1141 adbibit·-

150 1183 319 1223 sexus
360 1184 431 1222 ex
468 1183 542 1222 eo
579 1163 970 1222 matrimonio
1002 1166 1421 1242 procreanda3
1456 1167 1521 1224 in
1552 1166 1780 1226 Catho-

150 1239 281 1300 licae
328 1239 652 1316 Religionis
697 1241 1016 1300 sanctitate
1071 1243 1327 1303 omnino
1386 1242 1778 1302 educaretur.

150 1315 384 1376 Deinde
421 1337 565 1380 vero
587 1314 782 1389 'facile
820 1321 974 1376 est'a
1019 1338 1308 1395 noscere,
1334 1321 1399 1379 in
1444 1320 1785 1382 istiusmodi

154 1395 608 1454 concessionum
627 1397 846 1469 genere
877 1394 984 1452 nul
1012 1416 1116 1454 um
1145 1397 1395 1456 errandi
1410 1395 1614 1456 locum
1635 1401 1781 1455 Exe-

151 1471 466 1532 cutoribus
488 1481 836 1548 suppetere,
875 1473 992 1530 nisi
1021 1473 1136 1548 ip'si
1161 1471 1369 1550 aliqua
1401 1474 1465 1530 in
1492 1491 1559 1531 re
1590 1475 1781 1531 scien-

152 1559 242 1607 ter
264 1591 278 1613 .
319 1559 384 1608 et
403 1548 544 1608 data
575 1567 757 1623 opera
793 1547 996 1620 officio
1031 1549 1237 1608 deesse
1264 1547 1479 1612 velint.
1509 1550 1785 1624 Denique

151 1645 222 1684 ex
253 1625 559 1684 hactenus
597 1626 768 1694 dictis
806 1637 1016 1700 aperte
1053 1635 1329 1701 constat,
1389 1627 1453 1684 in
1502 1625 1787 1684 omnibus

152 1701 439 1775 casibuS,
539 1701 710 1768 uibus
754 1700 1114 1777 facultates,
1159 1713 1268 1770 aut
1306 1702 1787 1781 dispensationes

153 1777 238 1837 ab
276 1783 514 1854 Aposto
537 1779 626 1836 ica
657 1777 812 1838 Sede
845 1789 1291 1858 petantur'pro
1318 1779 1719 1842 matrimoniis
1747 1800 1786 1838 a

153 1853 476 1916 Catholico
504 1857 652 1918 Viro
670 1901 688 1930 ‚
721 1865 829 1914 aut
855 1855 1106 1916 Muliere
1123 1889 1142 1930 ·‚
1161 1861 1299 1916 eum
1326 1856 1621 1916 Haeretica
1648 1859 1780 1916 Foe-

151 1934 350 2008 mina,
393 1943 504 1992 aut
532 1933 683 1998 Viro
723 1933 1193 2009 contrahendis3
1234 1934 1488 1994 eandem
1522 1937 1781 2010 Aposto-

153 2007 331 2070 licam
401 2009 614 2070 Sedem
637 2055 655 2084 ,
711 2021 783 2070 ut
849 2031 1031 2088 supra
1081 2011 1376 2086 diximus»,
1432 2009 1785 2087 hujusmodi

155 2087 544 2148 Matrimonia
566 2132 582 2159 ‚
623 2088 741 2146 nisi
797 2090 1051 2148 Haeresis
1097 2089 1404 2166 abiuratio
1439 2087 1783 2166 'praeeedau

153 2173 218 2224 et
265 2183 506 2242 semper
555 2163 963 2240 improbasse,
1001 2185 1072 2228 ac
1121 2166 1474 2244 damnasse,
1518 2173 1581 2225 et
1619 2184 1788 2228 nunc

155 2258 400 2318 qnoque
421 2287 436 2314 ‚
477 2241 857 2315 abominari,
895 2251 957 2302 et
991 2242 1305 2303 detestari.
1641 2273 1644 2277 ·

237 2321 484 2392 Quoties
520 2339 670 2381 vero
707 2319 1200 2394 Dispensationes
1233 2318 1534 2396 exaliqua
1562 2317 1784 2396 proba·
1806 2309 2086 2389 lncfffibffl

153 2391 278 2451 hili
339 2413 517 2456 causa
577 2405 874 2471 petuntur
936 2417 1052 2473 pro
1120 2399 1580 2468 Matrimoniis'‚
1653 2413 1787 2470 quae
1808 2378 1983 2427 dubus
2008 2413 2027 2439 ³

155 2468 406 2546 quidem
475 2475 642 2532 inter
717 2472 1044 2538 Haereticos
1090 2520 1107 2547 ,
1177 2493 1285 2534 seu
1355 2490 1517 2532 eum
1594 2469 1789 2528 altera
1870 2516 1981 2558 rius
2027 2527 2090 2558 xe

153 2557 342 2622 parte
385 2551 682 2609 Haeretica
722 2559 868 2609 sunt
916 2549 1372 2622 contrahenda,
1416 2545 1521 2605 sed
1570 2545 1635 2605 id
1685 2567 1785 2606 ne·-
1809 2527 1964 2627 {21oe
1998 2528 2087 2625 fie-

157 2643 471 2700 quaquam
515 2628 582 2685 in
625 2627 908 2702 precibus
949 2628 1152 2708 palam
1197 2625 1557 2704 exponitur-3
1600 2643 1789 2710 quum
1812 2643 2046 2710 signatur
2074 2677 2091 2709 ,

153 2711 472 2776 nequeant
511 2702 872 2780 Apostolicae
915 2703 1084 2764 Sedis
1119 2703 1423 2768 ministri,
1463 2711 1649 2778 atque
1684 2701 1789 2762 Of-

155 2777 388 2838 ficiales
431 2779 546 2838 hoc
589 2779 930 2842 divinando
971 2781 1229 2856 rescire3
1283 2779 1361 2840 ad
1414 2777 1792 2838 obstruenda

159 2850 668 2932 obloquentium,
712 2868 775 2917 et
802 2857 1313 2918 calumniantium
1358 2877 1497 2929 ora,
1539 2855 1655 2914 hoc
1698 2855 1791 2911 int·

155 2933 361 2992 nuisse
397 2932 705 2993 sufficeret
729 2979 744 3006 ,
774 2933 940 3012 quod
975 2933 1143 2996 nulla
1168 2933 1526 2995 conceditur
1554 2930 1792 3005 dispen-
1870 2941 1882 2950 ·

155 3011 346 3082 satin,
388 3029 524 3088 quae
577 3009 762 3070 alicui
810 3022 980 3072 certo
1027 3011 1349 3072 Exe'cutom‘
1386 3010 1617 3067 directa
1666 3023 1795 3066 non

155 3085 270 3158 Sit,
316 3088 413 3146 cui
449 3089 745 3148 nimirum
783 3091 844 3150 in
884 3088 1186 3152 mandatis
1218 3088 1436 3155 datur,
1468 3093 1541 3142 ut
1563 3081 1640 3141 de
1667 3101 1791 3143 om·
1938 3129 1951 3143 .

151 3162 335 3221 nium
393 3166 811 3242 expositorum
844 3168 1108 3228 veritate
1143 3169 1510 3238 cognoscat,
1558 3169 1620 3219 et
1675 3160 1792 3220 dis·
1815 3129 2093 3250 cffiuffiff'

153 3243 584 3314 pensationem
627 3245 820 3319 ipsam
866 3242 1120 3303 servatis
1160 3238 1476 3324 servandis
1512 3235 1794 3301 effectum
1819 3216 2043 3316 suffodient

153 3317 371 3377 sortiri
403 3319 634 3396 faciat3
663 3325 820 3379 Gum
867 3341 943 3378 ue
965 3307 1108 3378 huic
1125 3319 1407 3394 ignorare
1436 3335 1557 3374 non
1582 3312 1792 3388 liceat,
1816 3336 2049 3399 ignorare

151 3393 558 3456 Matrimonia
626 3396 829 3456 Catho
856 3397 1086 3456 icorum
1151 3415 1292 3455 cum
1351 3393 1657 3454 Haeretieis
1715 3393 1795 3452 ab
1818 3398 1997 3467 nequit
2031 3412 2047 3460 ,t

147 3471 519 3550 Apostolica
551 3471 704 3551 Sede
747 3473 1112 3552 improbari,
1153 3483 1217 3544 et
1263 3471 1579 3548 damnari,
1619 3467 1792 3546 facile

1810 2459 1913 2493 non
1925 2442 2095 2493 solnm
2199 2435 2201 2437 ’
