2409 3984
636 195 641 202 ,
710 132 1151 201 nummum.
1669 163 1754 230 99

286 339 989 428 BENEDmTUs
1038 339 1322 424 PAPA
1375 341 1606 436 xlv.
1685 319 1688 322 ’
1837 325 1990 398 ¹⁷⁴⁸·

188 554 287 612 Ne
310 564 517 611 autem
542 570 637 622 ea,
664 571 803 628 quoe
826 571 869 608 a
888 549 1077 608 Nobis
1090 572 1208 628 per
1221 551 1577 610 Scheduhm
1589 549 1748 629 joroe-
1807 559 1914 610 Pon
1923 559 2054 614 tifex

124 631 393 688 insertam
410 674 427 704 ,
443 625 533 684 ad
552 627 923 701 Nostrorum,
947 638 1005 683 et
1029 628 1197 686 Sedis
1219 629 1580 706 Apostolicae
1605 630 1750 688 Sub·
1771 629 1920 680 Motu
1938 643 2052 694 pro.

124 707 369 764 clitonem
412 705 731 762 utilitatem
761 749 778 778 ,
824 715 1055 760 maturo
1092 707 1332 763 consilio
1353 748 1370 777 ,
1419 723 1493 764 ac
1534 709 1754 783 optima
1775 694 1888 772 Ρξὶθ
1942 709 2050 746 ⁰¹¹³·

125 785 336 841 ratione
378 791 521 841 sunt
554 790 782 836 statuta
811 825 827 849 ,
860 779 1108 838 labentis
1134 783 1407 859 temporis
1437 803 1614 840 eursu
1640 803 1750 840 va-
1775 779 1860 839 ·¹¹!⁸
1875 777 2052 844 ⁸⁰P¹⁸T

125 861 283 916 leant
313 859 614 916 ullatenus
652 851 1001 933 labefactari
1014 903 1032 932 ‚
1072 857 1181 914 sed
1219 880 1286 916 eo
1317 859 1584 916 validius
1615 859 1754 916 sub-
1775 829 2054 948 ἒέἓξέοὲῒ

124 937 335 992 sistant
355 981 385 1010 .‚
426 955 545 1012 quo
580 933 837 1008 pleniori
878 933 1190 1008 fimitatis
1248 937 1487 994 vincuh
1515 933 1757 1013 ficerint
1775 979 1882 1014 „uo
1912 993 1930 1024 ‚
1999 969 2052 1012 et

124 1011 375 1068 stabilita
386 1035 413 1082 ;
435 1013 618 1068 Motu
637 1056 654 1082 ,
676 1011 922 1080 scientia
940 1055 958 1084 ‚
989 1022 1046 1067 et
1056 1013 1365 1087 potestatis
1379 1012 1754 1088 plenitudine
1773 1027 2052 1084 confirmat

121 1088 403 1146 similibus
449 1133 467 1160 ,
524 1086 642 1142 hac·
690 1087 915 1144 Nostra
968 1088 1033 1142 in
1077 1099 1434 1164 petpetuum
1493 1089 1757 1150 valitura

124 1165 547 1224 Constitutione
582 1205 599 1234 ‚
635 1163 993 1238 praedictam
1036 1163 1282 1222 liberum
1335 1166 1757 1226 commercium

118 1241 183 1297 in
220 1240 489 1298 omnibus
508 1287 525 1315 ,
566 1250 624 1295 et
670 1241 920 1317 singulis
964 1243 1293 1300 Provinciis
1309 1288 1328 1318 ‚
1375 1242 1720 1302 Civitatibus
1733 1285 1754 1318 ,

124 1318 374 1394 Oppulis
394 1363 411 1392 ‚
458 1317 641 1374 ier-ris
669 1361 687 1389 ,
726 1327 785 1372 et
821 1317 996 1376 Locis
1038 1319 1242 1375 Status
1297 1319 1504 1376 Nostri
1541 1320 1752 1378 Eccle-

119 1396 345 1452 siastiei
361 1439 379 1468 ,
417 1394 686 1470 superius
724 1403 925 1450 tamen
959 1413 1079 1450 non
1124 1397 1375 1470 exceptis
1395 1437 1411 1466 ,
1438 1399 1622 1472 juxta
1663 1415 1753 1453 se..

118 1473 261 1529 n'em
294 1517 315 1548 ‚
367 1469 791 1546 continentiam
820 1515 839 1542 ‚
880 1480 1137 1526 tenorem
1166 1511 1189 1538 ,
1244 1481 1304 1526 et
1346 1473 1757 1548 proescnptum

108 1550 480 1623 praeinsertoe
529 1545 839 1604 Schedulae
864 1591 882 1619 ,
922 1556 980 1602 et
1010 1565 1131 1601 non
1175 1547 1332 1604 alias
1349 1591 1368 1620 ‚
1407 1547 1612 1620 aliter,
1649 1567 1757 1606 nec

118 1625 237 1682 alio
274 1623 452 1684 modo
472 1664 489 1692 ,
535 1621 873 1698 Apostolica
918 1624 1262 1679 auctoritate
1311 1623 1719 1680 constituimus
1737 1667 1758 1700 ,

116 1699 505 1758 concedimus
523 1743 540 1772 ‚
576 1709 629 1754 et
662 1699 1063 1776 impertimur;
1102 1699 1189 1756 ita
1229 1699 1392 1778 quod
1421 1699 1596 1756 liceat
1635 1719 1757 1756 om-

116 1775 303 1834 nibus
328 1819 345 1850 ,
386 1787 450 1832 et
471 1773 933 1854 quibuscumque
967 1777 1250 1834 Personis
1281 1777 1346 1831 in
1379 1776 1721 1838 ‚Provinciis
1735 1819 1756 1850 ‚

124 1851 475 1912 Civitatibus
497 1897 513 1922 ‚
551 1851 793 1928 oppidis
820 1897 837 1924 ‚
886 1853 1074 1910 Terris
1087 1898 1105 1925 .‚
1148 1864 1210 1910 et
1252 1853 1430 1912 Locis
1449 1851 1756 1928 proedictis

116 1927 609 1986 commorantibus
628 1971 645 2000 ,
672 1939 804 1992 tam*
814 1927 1107 2008 indigenis
1123 1975 1141 2002 ‚
1174 1950 1358 2008 quam
1371 1929 1718 2008 alienigenis
1731 1969 1752 2000 ‚

118 2027 191 2062 ac
217 2009 399 2065 etiam
421 2005 613 2063 Nobis
628 2051 643 2076 ‚
683 2017 741 2061 et
770 2005 948 2064 dictoe
975 2005 1115 2064 Sedi
1144 2005 1507 2082 Apostoliooe
1520 2007 1755 2068 ratione

117 2084 359 2161 on'gwis
386 2102 509 2138 non
534 2081 783 2139 subditis
804 2124 823 2154 ‚
847 2083 1236 2140 Frumentum
1251 2127 1270 2155 ‚
1302 2083 1374 2140 Se
1413 2093 1570 2156 etes‚
1593 2082 1752 2140 Ani-

116 2161 305 2218 malia
323 2203 340 2232 ,
390 2159 595 2236 Ligna
619 2204 637 2234 ‚
678 2169 735 2215 et
776 2157 1181 2237 quodcumque
1300 2160 1313 2172 '
1426 2179 1620 2237 genus
1665 2179 1752 2216 re·
1801 2187 1806 2198 ·

118 2257 257 2292 mm
304 2234 609 2294 mobilium
628 2281 646 2310 ‚
695 2236 1113 2294 semoventiu'm
1130 2281 1151 2310 ‚
1193 2246 1251 2291 et
1311 2235 1701 2293 vendibilium
1729 2275 1754 2302 ,

115 2311 549 2392 quomodolibet
579 2322 1056 2388 nuncupatur-um
1073 2353 1090 2383 ,
1132 2313 1314 2370 etiam
1353 2311 1442 2376 ad
1473 2333 1595 2371 rem
1609 2311 1752 2390 fru-

114 2390 475 2448 mentariam
492 2435 510 2462 .‚
532 2399 592 2444 et
606 2388 933 2446 Annonam
950 2429 966 2458 ,
983 2409 1056 2446 ac
1074 2388 1225 2449 alios
1248 2408 1644 2478 quoscumque
1669 2385 1759 2446 ad

31 2483 33 2488 ·
110 2465 413 2524 hunmnoe
442 2467 590 2523 vitoe
613 2466 1224 2541 ususpertinentium„
1249 2485 1315 2522 m
1345 2463 1757 2520 commen-ium

110 2541 467 2618 hujusmodi
498 2540 755 2620 conferre
777 2587 794 2616 ‚
834 2562 1019 2620 eaque
1054 2543 1127 2598 de
1158 2543 1319 2599 Loco
1359 2539 1448 2596 ad
1485 2539 1714 2595 Locum
1732 2581 1756 2610 ,

107 2641 191 2680 αι·
242 2617 347 2680 de.
362 2619 679 2677 Provincia
715 2619 781 2674 in
819 2619 1200 2678 Provinciam
1216 2663 1232 2686 ‚
1269 2635 1390 2672 non
1418 2625 1620 2672 tamen
1656 2633 1754 2670 ex.

110 2707 211 2752 tta
238 2693 556 2772 proedictae
601 2694 768 2754 Sedis
800 2694 1163 2771 Apostolieoe
1192 2693 1498 2753 Ditionem
1514 2738 1535 2766 ‚
1575 2701 1758 2748 extra»

108 2773 257 2828 here
276 2817 295 2843 ‚
335 2770 647 2848 transfer-re
677 2812 695 2836 ,
740 2781 797 2826 et
830 2782 1125 2850 exportare
1142 2792 1170 2842 ,·
1215 2768 1456 2849 ideoque
1487 2766 1759 2826 eamdem

96 2850 531 2924 proeinseaetam
574 2847 932 2906 Sclzedubzm
954 2887 975 2916 ,
1017 2858 1077 2904 et
1106 2849 1171 2903 in
1209 2867 1282 2903 ea
1315 2846 1561 2904 tributas
1593 2843 1759 2900 liberi

104 2927 454 2984 conmercia·
476 2923 819 3000 hujusmodi
844 2925 1111 2982 licentias
1126 2971 1145 2998 ‚
1165 2935 1224 2982 et
1275 2924 1566 2980 acultates
1581 2965 1600 2994 ,
1621 2939 1758 2976 eum

104 3000 396 3060 omnihus
422 3047 441 3074 ‚
474 3011 535 3056 et
566 3001 621 3057 ε’
698 3001 813 3058 ulis
850 3000 1166 3059 declaratio
1223 3001 1234 3013 “
1267 3021 1339 3062 us
1362 3044 1382 3073 ,
1409 2995 1758 3075 provisioni»

102 3079 217 3136 bus
240 3125 261 3153 ‚
305 3077 587 3137 limitatio
644 3077 656 3089 ⁶
690 3097 761 3134 us
777 3119 794 3149 ,
824 3074 1352 3154 modificationibus
1379 3119 1397 3148 ‚
1439 3071 1758 3148 derogatio»
1819 3081 1836 3110 ⁸

100 3155 292 3214 nibus
320 3196 343 3228 ‚
387 3152 617 3232 legibus
646 3199 663 3227 ‚
690 3151 1174 3229 prohibitionibus
1194 3193 1214 3223 ‚
1257 3149 1504 3208 cautelis
1533 3193 1550 3221 ‚
1595 3145 1756 3204 clau,

100 3233 256 3290 sulis
291 3277 313 3306 ‚
366 3241 427 3288 et
468 3227 715 3286 decretis
738 3275 757 3304 ,
798 3231 863 3288 in
906 3231 1039 3307 ipsa
1066 3228 1422 3305 praeta-sena
1465 3222 1760 3284 Schedula

98 3308 414 3367 contentis
432 3348 453 3379 ‚
482 3311 721 3363 statutis
742 3352 759 3382 ‚
792 3317 968 3385 atque
981 3325 1179 3383 proesc
1219 3304 1230 3318 '
1265 3303 1344 3362 tis
1361 3347 1380 3378 ,
1409 3301 1569 3360 dicta
1585 3301 1759 3378 Apo-

98 3387 328 3448 stolia-a
364 3381 743 3444 Auctor-itate
771 3393 1050 3460 perpetuo
1078 3401 1187 3440 con
1307 3399 1531 3518 Euius,
1570 3389 1626 3439 et
1651 3399 1756 3456 ap»

1395 3475 1430 3515 2
