2409 3984
785 148 1228 216 Btmumtm.
1312 172 1323 186 ‚
1700 154 1819 241 257

55 272 57 295 ³
165 277 237 315 ex
311 272 586 334 qnorum
644 251 976 327 velleribus
1015 255 1395 321 contexenda
1446 269 1591 333 sunt
1642 262 1821 321 Sacra
1878 272 1925 333 Α
1948 290 1977 323 ιι
2001 290 2031 323 ιι
2052 289 2086 324 ο

163 330 408 409 Pallia;
437 352 548 391 nec
575 333 778 393 minus
817 336 1140 407 convenit,
1168 332 1619 409 Consistprialis
1646 336 1818 397 Aulae
1914 340 2060 409 ¹748·

163 410 532 473 Advocatos
572 408 813 482 adesse,
849 409 925 469 ad
971 431 1126 487 quos
1165 410 1461 487 singulari
1494 412 1817 490 priiilegio

158 488 450 561 pertinet
478 506 594 561 pro
631 484 805 545 Pallii
837 489 1222 547 concessione
1262 487 1427 564 apud
1464 490 1817 551 Pontificem

162 566 227 625 in
271 562 666 625 consistorio
709 564 1074 624 residentem
1117 583 1430 641 perorare.

50 666 53 723 ᾖ
239 644 388 716 Ipse
415 649 628 699 autem
669 642 976 715 Pontifex,
1013 658 1120 701 seu
1162 640 1323 701 illius
1364 642 1532 717 vice,
1562 651 1636 701 ut
1661 662 1809 719 prae·

50 728 53 747 ⁵
159 716 372 789 fertur
412 715 764 777 cardinalis
795 716 932 789 ille,
971 718 1079 793 qui
1122 717 1341 779 Officio
1385 721 1449 777 in
1488 719 1809 779 Pontifica-

48 808 51 823 ⁵
161 790 332 854 libus
373 790 720 867 adstiterit,
755 793 942 855 Pallia
980 792 1275 871 praedicta
1308 814 1476 855 more
1509 792 1688 855 solito
1721 816 1813 857 as-

160 880 384 962 perget
425 890 590 947 aqua
638 870 991 943 benedicta,
1033 880 1168 932 tum
1210 874 1457 934 incenso
1504 870 1812 945 adolebit,

48 944 50 961 ³
161 946 518 1023 demdeque
571 948 1011 1023 pronunciabit
1061 967 1246 1025 super
1301 969 1371 1009 ea
1440 968 1689 1025 preces,
1722 959 1813 1009 -et

163 1022 634 1160 Benegictiones
667 1068 685 1099 ,
745 1030 917 1102 iuxta
973 1022 1305 1087 formulam
1371 1026 1643 1099 inferius.
1689 1035 1809 1087 sta·

161 1110 318 1161 tuen
365 1122 494 1161 am.

237 1182 499 1247 Peracta
536 1177 786 1239 demum
823 1178 1255 1241 Benedictione
1273 1219 1291 1251 ,
1330 1178 1543 1239 eadem
1568 1190 1807 1241 sacrata
1833 1194 1907 1245 De
1936 1200 2104 1245 custo.

160 1252 352 1317 Pallia
396 1253 801 1317 includantur
833 1255 1054 1317 arculae
1091 1266 1391 1333 argenteae
1429 1277 1581 1333 auro
1606 1256 1805 1317 obdu-.
1827 1262 1912 1313 dia
1990 1262 2105 1312 Pal.

161 1340 307 1405 ctae,
362 1352 555 1409 quam
615 1352 851 1409 semper
913 1335 979 1393 in
1015 1336 1146 1411 ipsa
1199 1334 1592 1395 Confessione
1635 1329 2015 1393 Reatinorum
2037 1328 2102 1377 h*

157 1410 344 1481 Petri‘
379 1406 664 1485 Apostoli
684 1452 700 1481 ,
741 1419 804 1470 et
835 1429 1030 1486 prope
1077 1430 1319 1469 sacrum
1365 1408 1527 1469 illius
1564 1415 1800 1487 Corpus
1857 1395 2025 1446 banda

155 1484 224 1545 in
264 1483 440 1560 loco-
475 1484 552 1545 ad
590 1486 654 1543 id
701 1484 1016 1561 designato
1055 1486 1359 1546 asservari
1404 1484 1799 1562 mandamus3
1824 1468 1941 1579 Ρθῗε
1974 1458 2102 1577 tinf-

156 1581 480 1641 quam-que
509 1562 590 1625 ad
625 1561 788 1622 hunc
829 1560 1146 1637 effectum,
1174 1562 1475 1639 exquisito
1504 1560 1801 1622 caelatur-‘e
1822 1544 1971 1647 ἓξὲξ·
2018 1544 2049 1579 ⁰

156 1658 388 1715 opere,
425 1649 632 1701 nostro
670 1649 920 1715 sumptu
955 1636 1324 1711 conflatam,
1365 1657 1561 1714 nuper
1606 1638 1803 1699 eidem

153 1715 527 1776 Beatissimo
555 1714 986 1791 Apostolorum
1012 1716 1283 1791 Principi
1314 1724 1666 1775 reverenter
1693 1714 1799 1775 ob·

152 1791 458 1863 tulimus,
486 1793 683 1868 ipsum
701 1794 876 1853 enixe
892 1802 1170 1867 orantes,
1191 1801 1264 1849 ut
1284 1790 1360 1849 de
1386 1788 1765 1866 negligentiis
1782 1836 1801 1864 ‚

153 1878 216 1928 et
253 1868 706 1931 offensionibus
755 1872 1017 1943 nostris,
1055 1888 1473 1947 quascumque
1512 1869 1577 1925 in
1618 1868 1803 1945 ipsius

153 1944 432 2006 Basilicae
474 1948 725 2005 servitio
769 1946 1169 2019 admisimus,
1223 1944 1372 2009 dum
1428 1946 1591 2007 inter
1640 1942 1801 2005 illius

152 2024 508 2083 canonicos
545 2022 1052 2097 accensebamur,
1099 2018 1547 2099 indulgentiam
1596 2032 1660 2080 et·
1694 2041 1795 2083 ve—

148 2100 328 2160 niam
367 2098 556 2159 Nobis
595 2098 674 2158 ab
711 2100 1136 2177 Omnipotenti
1171 2105 1296 2159 Deo
1330 2099 1654 2175 dignanter
1684 2098 1794 2159 im·

147 2173 386 2253 ploret.
418 2175 716 2239 Volumus
767 2186 1008 2249 sutem,
1050 2185 1121 2236 ut
1171 2175 1524 2253 hujusmodi
1574 2173 1796 2237 arculae

143 2272 306 2313 cura
327 2297 344 2326 ‚
385 2263 448 2312 et
475 2252 759 2313 custodia
783 2263 1016 2330 spectet
1049 2251 1127 2313 ad
1166 2254 1353 2329 ipsius
1390 2250 1650 2312 Basilicae
1677 2256 1787 2312 Ca·

147 2330 459 2390 nonicum
517 2328 868 2389 Altaristam
909 2350 1023 2407 pro
1067 2340 1343 2407 tempore
1400 2332 1793 2404 existentem3

141 2404 328 2467 illius
367 2426 512 2466 vero
548 2405 754 2467 Clavis
781 2427 817 2467 a
843 2407 1140 2483 primario
1169 2405 1627 2467 Pontificiarum
1658 2409 1791 2463 Coe·

137 2484 580 2545 remoniarnm
624 2488 720 2543 Ma
763 2485 910 2543 istro
959 2484 1321 2542 retineatur.
1864 2490 1873 2497 ·

217 2561 516 2637 Denique
537 2570 706 2620 atten
753 2570 924 2620 entes
941 2604 956 2631 ,
987 2578 1110 2635 quo
1131 2559 1259 2618 ritu
1287 2551 1639 2631 hujusmodi
1663 2550 1791 2619 Pal·
1856 2562 2095 2616 Praescri-

135 2634 228 2702 lia
262 2658 314 2697 a
352 2635 666 2699 Cardinali
699 2637 760 2696 S.
787 2641 865 2697 R.
896 2641 968 2700 Ε.
1005 2635 1416 2695 Diaconorum
1447 2632 1653 2711 l³riore
1683 2628 1789 2691 ab·
1811 2630 2093 2708 bitur-fot-

130 2714 426 2777 sentium
466 2713 960 2775 Patriarcharum
981 2754 999 2785 ,
1033 2730 1139 2769 seu
1174 2708 1790 2786 Archiepiscoporum
1814 2715 1896 2749 ¹¹¹⁸
1956 2712 2095 2775 1¹¹¹·-

129 2791 668 2865 Procuratoribus
714 2790 1048 2851 traduntur
1069 2830 1083 2856 ‚
1121 2785 1665 2848 animadvertimus
1698 2786 1786 2862 ip·
1810 2770 2091 2882 ffiffiffil'ffi

131 2888 240 2929 sos
298 2873 732 2928 Procuratores
764 2874 1180 2945 iuramentum
1216 2874 1572 2941 praestantes
1620 2869 1790 2938 juxta
1812 2846 2093 2949 tnditign·

125 2944 476 3021 antiquam
506 2943 868 3018 formulam,
895 2962 1030 3021 quae
1067 2944 1207 3020 ipsis
1232 2941 1583 3010 exhibetur,
1612 2936 1789 3013 plura
1810 2964 1983 3019 pmii,

129 3024 559 3115 promittere,
628 3041 763 3097 quae
811 3042 924 3081 nec
977 3020 1233 3081 omnino
1274 3018 1367 3077 his
1412 3015 1791 3090 temporibus

121 3111 394 3175 mtegre
417 3096 778 3175 adimpleri,
809 3118 922 3157 nec
955 3100 1085 3157 sine
1107 3097 1361 3174 perjurii
1394 3094 1649 3153 crimine
1684 3112 1788 3151 ne.

127 3176 294 3255 gligi
337 3194 514 3253 posse
561 3174 875 3237 videntur.
930 3180 1317 3249 Quapropter
1368 3168 1682 3258 volumini,
1728 3181 1791 3233 et

125 3255 516 3324 statuimuS‚
558 3263 629 3311 ut
676 3250 1028 3328 huiusmodi
1065 3256 1479 3326 juramentum
1508 3244 1789 3323 deinceps

119 3352 171 3391 a
199 3328 726 3391 procuratoribus
747 3326 1050 3404 praedictis
1073 3325 1192 3384 alia
1218 3323 1412 3381 forma
1435 3332 1784 3398 praestetur,

129 3408 412 3471 inferius
459 3407 694 3482 pariter
734 3402 1054 3463 inserenda
1099 3399 1499 3478 praesentibus
1536 3398 1784 3475 Literis3

132 3491 314 3562 Quas
345 3484 598 3563 quidem
625 3526 642 3556 ,
671 3501 813 3541 cum
852 3479 1138 3541 omnibus
1179 3479 1241 3537 in
1270 3476 1481 3538 iisdem
1510 3480 1782 3548 statutiS,
