2409 3984
776 96 1237 173 Bunsamm
1698 111 1823 201 249

181 213 510 276 ordinarii
549 215 612 275 in
655 214 805 275 alios
877 218 964 275 ios
990 234 1136 275 usus
1165 210 1558 289 (nontamen
1586 218 1649 278 in
1680 222 1822 279 sub·
1879 232 2095 290 Anno

179 292 542 351 vetitionem
589 312 802 353 eorum
849 314 946 353 em
979 294 1373 352 sacerdotum
1404 340 1421 366 ,
1471 306 1578 353 aut
1615 316 1821 372 perso·
1921 296 2067 364 1748.

181 386 406 427 narum
445 371 590 445 ipsis
623 368 720 428 vel
745 371 1070 444 sanguine,
1097 368 1193 429 vel
1226 371 1661 431 necessitudine
1680 388 1821 433 con·-

181 453 538 522 junctarum
569 491 586 518 ,
640 457 749 504 aut
809 448 872 504 in
928 447 1264 503 eorundem
1328 448 1763 509 coenobiorum
1802 496 1821 525 ‚

185 528 522 581 Domorum
543 567 560 594 ‚
581 532 644 581 et
669 520 1070 603 Ecclesiarum
1097 521 1425 582 utilitatem
1448 568 1464 595 ,
1491 537 1818 601 quantum-

186 600 276 657 vis
316 600 433 674 ipsi
451 632 478 668 ,·
516 608 625 657 aut
668 612 980 676 personas,
1009 599 1364 667 ·Coenobia,
1417 601 1645 661 Domus
1680 647 1697 673 ,
1760 613 1823 661 et
1926 610 1933 620 '

183 674 459 733 Ecclesiae
495 674 843 751 hujusmodi
885 677 1126 733 notoria
1167 696 1287 751 pau
1334 686 1534 735 ertate
1580 676 1820 737 labora-

185 750 370 828 rent)
405 750 666 810 arbitrio
699 772 812 811 suo
835 770 1087 826 erogare
1129 752 1287 810 debe
1332 763 1470 811 unt.
1498 756 1705 814 Sciant
1728 766 1817 814 ta·
1860 780 2023 847 θυμω
2044 783 2119 831 1...

183 848 324 887 men
353 870 372 895 ‚
419 828 585 904 quod
641 828 896 887 facultas
941 827 1325 904 hujusmodi,
1365 848 1551 904 quam
1596 824 1671 889 ad
1722 852 1815 891 re·
1842 850 2095 913 regant-f..

188 903 553 963 laxationem
604 904 1016 981 suspensionis
1078 924 1152 963 eo
1191 904 1375 964 modo
1422 907 1687 965 incursae·
1720 909 1813 966 iis·
1842 920 1946 964 tate
1964 932 2117 967 exce-

189 982 323 1039 dem
351 979 700 1056 delegamus
728 1027 744 1054 ,
785 988 1170 1059 nequaquam
1209 981 1557 1041 extenditur
1586 982 1663 1040 ad
1696 984 1813 1043 dis·
1840 978 2124 1059 lebntiqne

189 1058 604 1132 pausationem
649 1057 728 1133 ab
779 1056 1233 1132 irregularitate
1261 1102 1277 1131 ,
1322 1060 1385 1116 in
1426 1074 1611 1133 quam
1668 1061 1812 1119 inci·
1840 1054 1957 1111 ¹³⁰³t
2034 1066 2122 1097 ¹¹¹·

191 1134 439 1204 derant,
485 1136 594 1208 qui
629 1143 768 1211 post
807 1134 1263 1209 suspensionem
1289 1178 1303 1202 ,
1344 1144 1417 1193 ut
1456 1128 2057 1220 praeferturstmnffln‘

189 1212 492 1268 incursum
513 1257 529 1280 ‚
573 1212 634 1269 iu
675 1214 855 1269 Sacro
886 1207 1081 1283 Altari
1113 1213 1462 1269 ministrare
1493 1230 1814 1286 praesume-
1837 1195 2039 1297 ἓξὲξ,

189 1297 362 1360 rent3
403 1286 587 1364 hujus
616 1289 779 1345 enim
800 1286 1266 1361 dispensationis
1300 1288 1702 1347 concedendae
1728 1289 1813 1347 fa·
1836 1318 2125 1374 commen,

190 1361 478 1427 cultasem
535 1362 720 1422 Nobis
751 1408 768 1434 ‚
824 1372 886 1420 et
937 1363 1391 1424 successoribus
1436 1366 1657 1422 nostris
1696 1370 2123 1431 Ro·asoloPou

189 1442 384 1497 manis
415 1438 809 1499 Pontificibus
833 1440 1141 1515 privative
1159 1480 1176 1513 ,
1204 1449 1267 1498 et
1292 1450 1593 1517 perpetuo
1627 1460 1813 1499 reser-
1841 1444 1981 1497 tifice
2004 1446 2117 1497 diu-

187 1536 424 1575 vamus.
1674 1529 1679 1535 '
1838 1521 2103 1578 pensum,

263 1592 364 1652 Ad
396 1593 560 1651 hunc
591 1590 784 1666 igitur
822 1590 1018 1651 solum
1038 1636 1054 1663 ‚
1095 1601 1158 1649 et
1195 1591 1448 1649 unicum
1480 1590 1662 1651 finem
1689 1634 1705 1663 ‚
1747 1604 1819 1652 ut
1840 1602 1979 1669 Quid
2008 1620 2119 1670 spe-

186 1670 252 1727 iu
289 1666 392 1726 die
432 1669 1040 1728 commemorationis
1067 1661 1345 1725 omnium
1372 1664 1670 1726 Fidelium
1704 1674 1815 1727 De·
1840 1672 2062 1720 cieverit

184 1746 540 1803 functorum
559 1787 574 1814 ,
605 1742 1024 1819 multiplicatis
1049 1742 1326 1801 Ecclesiae
1356 1741 1675 1803 Militantis
1696 1746 1817 1804 sufi·
1844 1736 2081 1787 Pontifex
2146 1762 2151 1768 ·

186 1823 426 1896 Regiis,
479 1821 717 1893 piorum
759 1821 996 1880 Animae
1043 1822 1106 1878 in
1161 1821 1521 1895 Purgatorio
1560 1820 1820 1887 detentae
1841 1819 1897 1919 :¹¹¹
1939 1820 2121 1920 fimf*

187 1894 620 1965 subleventur,
665 1896 950 1955 omnibus
982 1906 1106 1955 tam
1139 1916 1174 1955 e
1212 1896 1527 1965 Saeculari,
1564 1918 1749 1973 quam
1787 1920 1821 1957 e
1842 1886 2011 1989 ἀίῗωο
2064 1888 2122 1920 “’

191 1972 474 2049 Regulari
528 1970 712 2031 Clero
767 1972 1192 2033 Sacerdotibus
1244 1975 1307 2031 in
1368 1974 1589 2049 Regnis
1636 1986 1821 2051 atque
1996 1970 2014 1987 ’

187 2051 488 2109 Dominiis
532 2047 796 2107 duorum
839 2050 1275 2124 praedictorum
1316 2054 1545 2125 Regum
1592 2052 1823 2126 Ditioni

187 2126 508 2202 subjectis,
553 2142 753 2197 nune,
811 2135 874 2184 et
912 2127 973 2183 in
1017 2138 1329 2201 posterum
1375 2146 1491 2203 pro
1544 2137 1822 2205 tempore

189 2200 634 2274 existentibus,
677 2202 1099 2273 concedimus,
1155 2214 1219 2261 et
1280 2202 1701 2279 indulgemus,
1752 2216 1824 2265 ut:

185 2279 478 2355 praedieta
519 2276 620 2335 die
664 2289 784 2356 tres
829 2279 1036 2338 Missas
1074 2277 1298 2353 singuli
1339 2278 1650 2352 celebrare
1682 2301 1818 2356 pos·

187 2358 351 2427 sint,
419 2366 480 2414 et
524 2351 794 2413 valeant.
848 2360 918 2413 Iu
988 2372 1110 2429 quo
1157 2356 1335 2415 sicuti
1388 2355 1821 2432 praedictorum
1878 2398 1921 2449 Ε
1983 2400 2001 2450 ¹
2062 2400 2075 2411 .
2160 2370 2165 2373 ·

187 2429 632 2494 consultorum
667 2430 1073 2501 concordibus
1117 2431 1245 2490 fere
1282 2433 1633 2503 sententiis,
1675 2452 1819 2508 con·
1840 2414 2124 2519 „⁰535ssae

185 2508 462 2583 siliisque
506 2506 902 2573 adhaesimus,
935 2508 1022 2563 ita
1063 2526 1096 2563 a
1137 2509 1253 2581 piae
1295 2506 1505 2564 Matris
1546 2506 1821 2567 Ecclesiae
1842 2530 2131 2595 suffragan·

183 2587 420 2662 spiritu
460 2603 844 2661 nequaquam
895 2582 1229 2642 discessisse
1272 2585 1393 2639 Nos
1420 2580 1817 2641 arbitramur.
1844 2596 1897 2645 di
1924 2596 2123 2645 Fiden,

181 2660 499 2738 Siquidem
527 2659 1068 2719 animadvertimus
1091 2658 1341 2717 minime
1355 2655 1617 2717 alienam
1641 2660 1822 2717 fuisse
1848 2664 1941 2710 bus
1989 2664 2086 2711 De-

180 2737 516 2799 Ecclesiam
544 2757 580 2795 a
604 2734 1013 2811 permittenda
1041 2732 1471 2793 Sacerdotibus
1505 2736 1822 2794 Missurum
1845 2728 2063 2780 ‘'⁰¹²⁶‘ss-

179 2812 524 2875 iteratione
559 2814 621 2871 in
654 2813 842 2871 unico
873 2810 1004 2884 die,
1033 2810 1140 2869 ubi
1178 2810 1255 2871 de
1282 2810 1569 2889 iuvandis
1596 2812 1821 2870 Defun-

180 2902 437 2951 ctorum
497 2888 836 2951 Animabus
874 2898 1200 2967 ageretur,
1250 2899 1312 2948 ct
1348 2888 1593 2965 quidem
1634 2889 1825 2947 'etiam

176 2978 522 3045 postquam
565 2964 826 3025 desierat
865 2977 1040 3026 vetus
1067 2964 1168 3025 illa
1210 2964 1562 3043 disciplina,
1596 2960 1675 3022 de
1704 2986 1825 3041 qua

177 3042 356 3105 infra
409 3062 610 3103 sermo
651 3044 798 3117 erit,
842 3062 963 3119 qua
1007 3040 1237 3101 scilicet
1276 3038 1701 3101 Sacerdotibus
1752 3040 1820 3100 li-

177 3121 374 3180 cebat
414 3118 646 3197 pluries
683 3121 749 3178 in
785 3118 882 3177 die
922 3138 1050 3177 rem
1095 3118 1380 3177 Divinam
1404 3134 1728 3192 peragere,
1754 3138 1829 3178 ac

175 3208 332 3275 post
369 3196 556 3257 latam
597 3195 789 3269 legem
835 3193 912 3251 de
935 3195 1118 3252 unica
1142 3202 1384 3253 tantum
1433 3192 1607 3251 Missa
1630 3206 1819 3272 ,prm-

177 3289 474 3351 terquam
530 3275 592 3332 in
631 3272 733 3329 die
767 3266 1002 3329 Natalis
1034 3268 1275 3347 Domini
1298 3312 1314 3344 ‚
1342 3268 1421 3329 ab
1450 3288 1830 3351 unoquoque

180 3350 516 3411 Sacerdote
561 3346 952 3410 eckebi-anda.
1153 3360 1156 3363 ·
1349 3426 1397 3484 L
1436 3420 1469 3457 r

1435 3445 1476 3483 ,ι
