2409 3984
525 111 608 180 64
1071 110 1458 176 BENEmc‘rI
1500 106 1679 172 XIV.

266 236 469 290 Pon.
525 221 603 281 ad
647 223 811 289 Nos,
857 230 920 278 et
967 218 1044 278 ad
1082 225 1424 278 Romanum
1464 237 1578 294 pro
1626 227 1901 294 tempore
1940 215 2147 275 Ponti·

266 303 500 355 AA'III·
525 300 699 358 ficem
747 295 1096 355 immediate
1149 314 1467 354 recurrere
1506 305 1868 368 teneantur3
1910 305 2022 350 nee
2068 291 2151 352 ab

323 399 330 404 ·
525 375 658 435 aliis
685 374 1170 450 quibuscumque
1197 389 1495 432 novarum
1530 372 2001 430 concessionum
2032 368 2149 427 hu-

523 450 838 531 jusmodi,
894 460 1002 508 aut
1057 449 1578 508 condonationum
1606 493 1621 518 ,
1681 448 2106 505 remissionum
2132 485 2150 514 ,

527 531 654 588 sive
687 528 1138 586 restitutionum
1177 528 1239 584 in
1276 527 1579 600 integrum
1602 569 1619 596 ‚
1654 523 1893 600 aliaque
1922 521 2157 581 benefi-

528 609 620 664 cia
645 603 932 680 praedicta
955 648 971 674 ,
999 623 1100 662 seu
1136 602 1426 679 gratiosas
1456 600 1893 660 declarationes
1914 597 2155 659 utiliter

529 681 813 741 obtinere
859 684 1126 756 possint,
1177 691 1239 738 et
1279 678 1569 752 valeant3
1625 683 1745 736 Nos
1792 678 1955 735 enim
1998 693 2151 752 prae-

525 761 851 818 missarum
897 760 1210 828 omnium,
1248 765 1309 813 et
1353 753 1727 830 singularum
1769 755 2105 828 gratiarum
2135 795 2154 822 ‚

531 835 1009 894 declarationum
1055 875 1072 898 ,
1133 844 1196 892 et
1254 831 1688 908 beneficiorum
1742 832 2157 889 concessiones

529 911 983 985 Nobismetipsis
1003 956 1018 981 ‚
1047 921 1108 969 et
1142 908 1595 968 suecessoribus
1628 909 1848 982 nostris
1867 907 2161 966 Romanis

527 986 923 1048 Pontificibus
951 989 1255 1062 privative
1270 1032 1287 1056 ,
1308 996 1369 1043 et
1393 1005 1665 1060 expresse
1687 1028 1701 1053 ‚
1728 996 1895 1042 motu
1916 1029 1931 1055 ‚
1958 985 2171 1041 scientv

527 1067 618 1124 tia
640 1110 655 1137 ,
691 1072 752 1121 et
799 1073 1099 1141 potestate
1135 1062 1437 1122 similibus
1464 1061 1681 1122 harum
1713 1071 1926 1120 tenore
1961 1079 2163 1120 mser-⁴

524 1160 766 1203 vamus.
1816 1155 1845 1166 ⁴·
2132 1147 2145 1160 '

255 1225 514 1282 Clau-ulau
611 1223 1016 1280 Decernentes
1061 1221 1294 1296 pariter
1334 1221 1495 1295 ipsas
1520 1228 1844 1294 praesentes
1880 1217 2113 1275 Literas
2142 1259 2162 1287 ‚

239 1314 334 1375 P'f’
387 1311 511 1363 Ρω-
532 1305 600 1354 et
631 1297 694 1354 in
729 1301 813 1355 eis
849 1307 1141 1355 contenta
1179 1313 1576 1372 qua-cumque
1604 1295 1681 1354 de
1714 1293 2163 1370 subreptionis,

240 1377 514 1441 ¹¹¹¹⁸⁵9¹¹¹m
535 1370 636 1432 vel
671 1371 1086 1449 obreptionis,
1123 1385 1233 1432 aut
1270 1372 1567 1432 nullitatis
1600 1373 1751 1431 vitio
1772 1417 1789 1444 ‚
1824 1391 1930 1429 seu
1960 1372 2162 1427 inten-

243 1429 509 1483 fi'mm‘·
537 1450 722 1508 tionis
777 1455 1045 1524 Nostrae,
1105 1459 1217 1509 ant
1270 1452 1557 1521 interesse
1601 1448 1962 1508 habentium
2014 1465 2163 1505 con·

523 1545 749 1586 sensus
792 1573 808 1598 ‚
873 1538 982 1587 aut
1043 1526 1164 1586 alio
1222 1543 1606 1603 quocumque
1643 1569 1656 1595 ,
1706 1522 2169 1601 quantumlibet

539 1602 975 1674 substantiali,
1033 1614 1096 1663 et
1145 1603 1528 1664 indiuiduam
1576 1604 2011 1679 expressionem
2066 1621 2164 1661 re-

543 1683 826 1757 quirente
866 1681 1345 1739 deiectu-notari
1373 1727 1388 1752 ,
1425 1681 1804 1756 impugnari,
1844 1681 2168 1754 restringi,

541 1756 868 1816 invalidari
893 1801 908 1828 ,
949 1754 1025 1814 ad
1059 1759 1223 1814 viam
1263 1767 1326 1815 et
1356 1761 1650 1816 terminos
1683 1757 1833 1832 iuris
1855 1802 1871 1829 ,
1914 1766 2021 1815 aut
2049 1763 2168 1817 've-

541 1835 688 1892 teris
729 1831 1184 1891 consuetudinis
1212 1833 1453 1904 reduci,
1480 1853 1585 1892 seu
1619 1830 1771 1892 alias
1804 1835 1867 1892 in
1894 1838 1989 1909 jus
2010 1876 2025 1904 ,
2062 1832 2172 1892 vel

524 1911 1018 1970 controversiam
1055 1911 1328 1968 revocari
1357 1929 1529 1986 posse
1552 1957 1567 1984 ,
1600 1911 1713 1969 sed'
1743 1908 1981 1968 easdem
2010 1929 2173 1987 prae-

524 1995 741 2045 sentes
767 2005 1004 2062 semper
1047 1986 1288 2059 firmem,
1327 1986 1597 2059 validas,
1632 1998 1695 2046 et
1735 1985 2001 2046 efficaces
2042 1989 2167 2046 exi·

525 2074 700 2122 ·stere
727 2108 743 2136 ,
785 2073 849 2122 et
889 2063 1020 2121 fore
1049 2106 1062 2132 ‚
1100 2082 1361 2138 suosque
1396 2063 1706 2140 plenarios
1734 2110 1750 2138 ‚
1772 2074 1851 2122 'et
1895 2065 2174 2139 integro's

541 2139 791 2199 effectus
825 2141 1034 2198 sortiri
1067 2151 1129 2200 et
1171 2140 1459 2200 obtineri.
1502 2141 1719 2218 sicque
1744 2181 1761 2205 ,
1798 2149 1862 2198 et
1890 2158 2016 2198 non
2057 2139 2171 2199 ali-

541 2227 641 2276 ter
679 2215 1096 2276 cardinalium
1142 2221 1503 2292 Legatorum
1538 2262 1555 2291 ‚
1612 2227 1721 2276 aut
1770 2217 2180 2278 Praelatoru'm

543 2292 999 2354 Praesidentium
1047 2294 1478 2370 praedictorum
1532 2294 1881 2363 facultateS,
1932 2303 1995 2352 et
2038 2293 2178 2370 pri-

544 2369 762 2445 vilegia
789 2415 806 2443 ‚
851 2373 976 2432 sive
1024 2389 1355 2446 expressa..
1385 2371 1511 2440 sive
1551 2391 1661 2448 per
1710 2367 2182 2447 generalitatem

547 2447 879 2508 verborum
929 2457 1220 2522 concepta
1245 2493 1261 2521 ‚
1313 2445 1601 2522 intelligi,
1658 2458 1721 2507 et
1773 2449 2183 2522 interpretari

546 2524 772 2583 debere
799 2545 830 2599 3,
869 2533 1052 2601 atque
1107 2526 1192 2584 ita
1244 2527 1307 2583 in
1364 2525 1685 2600 praemissis
1741 2522 2061 2589 omnibus,
2109 2535 2185 2584 et

547 2602 642 2660 sin
685 2599 798 2658 ulis
851 2601 1118 2673 censeri,
1173 2610 1237 2660 et
1292 2621 1403 2676 per
1462 2611 1875 2680 quoscumque
1928 2597 2186 2661 sudines

549 2682 606 2738 Ο
689 2678 912 2734 inat-ios
947 2719 961 2744 ,
1026 2687 1090 2736 et
1152 2675 1469 2752 Delegatos
1503 2719 1519 2746 ,
1585 2677 1770 2736 etiam
1828 2682 2184 2737 Causarum

546 2753 758 2816 Palatii
781 2751 1109 2830 Apostolici
1133 2752 1459 2812 Auditor-'es
1477 2798 1494 2825 ‚
1525 2773 1596 2811 ae
1628 2752 1903 2830 ejusde-m
1934 2749 2183 2813 San‘otae

545 2835 835 2892 Romanae
876 2826 1147 2887 Ecclesiae
1189 2831 1641 2897 camerarium,
1672 2840 1733 2889 et
1770 2827 1921 2890 alios
1956 2829 2183 2889 Cardi-

547 2907 751 2982 nales‚
796 2925 1033 2966 necnon
1082 2905 1269 2980 ipsius
1306 2909 1576 2966 Camerae
1618 2907 1967 2983 Apostolieae
2010 2907 2181 2966 The-

523 2985 892 3045 -saurarium
951 2979 1291 3060 generalem
1328 3025 1343 3053 ,
1402 2981 1797 3044 Praesidentes
1860 2981 2133 3044 clericos
2162 3033 2183 3058 ‚

549 3058 777 3120 aliosve
835 3057 1136 3122 officiales
1165 3105 1181 3130 ‚
1238 3069 1301 3118 et
1344 3061 1652 3120 Ministros
1678 3103 1694 3129 ,
1761 3071 1855 3120 ac‘
1883 3069 2141 3120 caetems
2162 3110 2184 3135 ‚

549 3138 764 3210 quavis
815 3138 1318 3210 auctoritate‚·et
1364 3147 1663 3213 potestate
1700 3137 2053 3211 fungentes,
2112 3150 2185 3199 et

549 3212 1059 3290 quandocumque
1097 3214 1421 3274 functurus
1452 3261 1469 3286 ‚
1509 3212 1743 3274 sublata
1790 3214 1875 3272 eis
1902 3259 1918 3286 ‚
1960 3224 2023 3272 et
2066 3233 2177 3276 eo-

552 3305 691 3345 rum
726 3286 978 3348 cuilibet
1011 3291 1227 3365 quavis
1275 3288 1453 3350 aliter
1492 3288 1802 3366 iudicandi
1824 3333 1840 3360 ‚
1873 3300 1937 3348 et
1976 3291 2178 3350 inter-

523 3361 836 3450 pretandi
877 3363 1204 3438 facultate,
1242 3376 1305 3426 et
1340 3369 1736 3447 auctoritate,
1768 3365 2070 3444 judicari,
2112 3379 2183 3426 et
