2409 3984
597 99 678 210 36
875 138 884 146 ’
1107 145 1497 232 BExEchr
1538 145 1711 212 xlv.

329 263 366 314 P
382 282 410 312 0
431 281 460 312 ιε
481 279 529 311 τ.

327 332 394 382 A.
429 329 572 382 VIII.
597 346 2227 380 mmmmmmmmmmmwtmnmmwummmmunmmm·

325 537 540 594 κινεῖ.
610 505 622 577 ’-
1024 511 1031 523 ’
1145 507 1305 586 ΒΕ
1332 511 1699 585 ORDINE

584 701 900 778 servando
941 701 1004 768 in
1047 703 1471 850 Causisgupelr
1516 701 1797 804 nullitate
1828 703 2226 772 professionis

555 821 560 826 ·
1310 811 1423 874 egu
1452 811 1589 852 aris·
1711 818 1719 827 ,

732 981 1427 1119 BENEDICTUS
1488 961 2117 1090 Efflscows'

938 1201 1221 1275 SERvus
1262 1201 1665 1270 sfflvonum
1724 1201 1855 1266 Der

343 1361 381 1378 ⁶

881 1366 992 1434 Ad
1005 1422 1012 1440 ,
1013 1379 1363 1444 perpetuam
1402 1365 1487 1421 rei
1532 1365 1896 1424 memoriam.

347 1592 522 1644 Prooes
585 1488 708 1620 SI
751 1561 960 1637 datam
987 1563 1343 1624 hominibus
1380 1561 1562 1621 fidem
1602 1561 1736 1620 fran
1770 1578 1913 1632 ere,
1944 1578 2219 1621 conven-

279 1659 464 1712 mium,
581 1641 900 1716 tionesque
951 1661 1086 1713 eas,
1131 1661 1266 1718 quae
1309 1639 1389 1699 ab
1435 1639 1719 1698 humanis
1784 1637 1991 1713 egibus
2026 1637 2226 1698 robur

582 1719 928 1792 accipiunt,
985 1719 1388 1792 abrumpere,
1449 1737 1519 1777 ac
1574 1713 1807 1775 violare
1858 1731 1981 1774 non
2032 1714 2222 1794 licet3

577 1791 776 1850 multo
811 1793 996 1866 magis
1041 1813 1279 1852 necesse
1310 1801 1401 1850 est
1444 1789 1781 1866 obligatum
1818 1795 1945 1851 Deo
1986 1794 2211 1852 mentis

576 1869 962 1943 propositum
1000 1865 1471 1928 immutabiliter
1496 1870 1765 1940 servari,
1799 1873 2039 1945 Nosque
2061 1888 2220 1945 prae·

575 1946 786 2002 sertim
805 1989 820 2017 ‚
855 1954 1070 2020 utpote
1100 1963 1411 2007 sacrarum
1444 1949 1668 2019 Legum
1699 1945 1984 2004 custodes
2012 1967 2049 2005 a
2086 1951 2221 2006 Deo

574 2021 978 2088 constitutos,
1048 2033 1294 2100 oportet
1352 2041 1563 2080 earum
1614 2024 2011 2099 pactionum,
2080 2042 2221 2098 quae

572 2097 798 2157 Divino
825 2108 889 2158 et
926 2098 1340 2159 Ecclesiastico
1381 2104 1516 2176 jure
1555 2097 2003 2158 indissolubiles
2025 2110 2217 2175 sunt,
2264 2163 2267 2168 ,

571 2183 933 2248 perpetuam
999 2176 1383 2248 firmitatem,
1440 2185 1503 2233 et
1542 2174 1997 2236 observantiam
2046 2195 2211 2236 asse·

572 2269 731 2308 rere.
789 2255 937 2310 Eam
973 2252 1054 2311 ob
1095 2275 1225 2312 rem
1267 2259 1389 2330 jam
1432 2273 1627 2328 usque
1666 2251 1745 2310 ab
1790 2257 1971 2312 Anno
2004 2255 2216 2312 Incar-

491 2341 502 2354 '
571 2327 840 2386 nationis
875 2332 1202 2404 Dominicae
1242 2333 1617 2389 MDCCXLI.
1657 2329 2051 2396 Pontificatus
2088 2333 2212 2390 No·

571 2405 684 2462 stri
722 2409 802 2462 11.
827 2452 843 2477 ‚
882 2407 1260 2482 Apostolicas
1292 2408 1521 2465 Literas
1558 2403 1834 2464 dedimus
1856 2447 1871 2475 ‚
1912 2406 2211 2480 incipien-

574 2490 662 2538 tes
701 2481 826 2536 Dei
863 2485 1266 2556 miseratione,
1314 2486 1373 2541 in
1418 2480 1689 2542 Bullario
1728 2487 1947 2541 Nostro
1984 2481 2215 2542 deinde

277 2555 346 2628 (Ῐ)
371 2563 548 2632 Hujus
573 2557 766 2616 editas
804 2559 965 2617 me.
998 2561 1054 2618 I.
1089 2581 1259 2618 num.
1298 2559 1395 2617 33.
1425 2559 1527 2634 (Ῐ),
1549 2549 1771 2634 quibus
1799 2569 2033 2618 certum
2055 2579 2211 2634 prae-

271 2627 542 2684 Edit-vol·
570 2635 918 2708 scripsimus
969 2637 1287 2707 ordinem,
1329 2638 1391 2694 in
1436 2634 1875 2694 Tribunalibus
1921 2633 2209 2702 Ecclesia·

270 2698 395 2764 Ῑ-Ρ·
431 2697 544 2752 ¹66·
570 2711 733 2770 sticis
767 2712 1174 2783 servandum,
1216 2733 1407 2790 quum
1456 2713 1519 2769 in
1563 2715 1705 2787 ipsis
1744 2712 1968 2772 discuti
2009 2723 2070 2770 et
2096 2711 2211 2772 de·

570 2788 734 2847 finiri
775 2786 1072 2849 deberent
1115 2794 1362 2860 Causae,
1415 2789 1481 2846 in
1524 2788 1749 2864 quibus
1800 2789 1878 2848 de
1923 2787 2211 2857 nullitate

568 2864 824 2942 alicujus
865 2866 1242 2924 matrimonii
1285 2867 1585 2923 contracti
1618 2877 1941 2942 ageretur3
1971 2886 2095 2925 nou
2136 2885 2210 2926 eo

569 2943 814 3018 quidem
853 2941 1142 3013 consilio,
1175 2952 1247 3000 ut
1282 2939 1525 3024 siquod
1552 2942 1712 3001 forte
1742 2943 2207 3002 matrimonium

565 3038 706 3078 cum
745 3019 1184 3097 impedimento
1218 3015 1423 3095 aliquo
1454 3017 1782 3080 dirimente
1808 3022 2026 3079 initum
2056 3018 2203 3078 fuis-

565 3107 690 3162 set,
735 3095 812 3153 de
860 3095 1022 3156 illius
1063 3095 1353 3156 nullitate
1394 3096 1689 3174 judicium
1723 3092 2050 3172 postulari,
2093 3107 2205 3157 aut

265 3210 540 3262 Methodus
567 3170 698 3228 ficri
729 3172 1237 3250 prohiberemus3
1278 3172 1422 3247 sed,
1468 3184 1540 3232 ut
1584 3177 1645 3234 in
1698 3173 1809 3232 hoc
1848 3173 2203 3248 gravissimo

261 3295 290 3326 a
343 3245 774 3326 Sancti-lUdicii
821 3269 1071 3325 genere,
1113 3253 1178 3310 in
1224 3271 1345 3325 quo
1394 3251 1469 3309 de
1502 3271 1676 3310 sacro
1726 3247 2199 3310 connubiorum

262 3351 372 3392 tate
429 3325 538 3394 gu„
563 3323 787 3381 foedere
846 3326 1078 3400 agitur,
1127 3325 1389 3404 pleniori
1462 3327 1735 3389 veritatis
1802 3324 2199 3386 elucidationi

263 3411 491 3484 praesori-
563 3399 1050 3480 consuleremus;
1091 3414 1284 3479 utque
1327 3402 1607 3482 sudines,
1652 3423 1775 3464 non
1814 3404 1945 3487 sine
1980 3405 2191 3464 certis-
