2409 3984
699 131 703 136 ¹
808 163 1256 228 Appmrmx.
1396 204 1402 209 -
1716 164 1837 250 567

225 271 532 332 tinebant.
575 272 786 330 Porro·
807 267 870 326 id
915 269 1058 328 satis
1100 278 1222 340 est,
1256 287 1397 328 cnm
1434 271 1500 329 in
1542 272 1839 349 ejusmodi

222 349 440 410 Causis
476 356 678 410 totum
720 357 970 406 examen
1007 344 1087 414 ad
1127 365 1226 404 eas
1259 347 1533 406 virtutes·
1561 349 1835 426 redigen-

201 425 375 486 dum
421 423 538 498 sit,
591 441 742 500 quas
791 421 1254 485 Canonizandus
1312 441 1587 482 exercere
1635 430 1839 499 potuit

222 507 392 577 juxta
420 501 562 563 vitae
589 499 922 569 rationem,
953 517 1134 576 quam
1157 497 1275 558 sibi
1300 496 1613 574 delegerit.
1640 507 1691 561 A
1714 505 1838 562 Deo

223 579 437 654 saepius
477 574 582 636 illa
614 574 951 654 postulavit
971 621 988 642 ,
1033 587 1102 635 ut
1137 577 1211 634 iis
1248 573 1426 634 donis
1470 571 1837 647 coelestibus,

221 653 450 732 quibus
501 653 734 714 tamdiu
779 649 1088 715 cumulata
1139 651 1385 725 fuerat,
1436 671 1464 712 s
1507 649 1839 718 olim-etur„

207 731 390 808 -qnod
416 750 562 796 sane
590 728 1055 798 commendatur
1081 725 1415 804 plurimum
1442 749 1475 796 a
1550 726 1667 788 illis
1688 773 1703 800 ,
1737 733 1841 804 qui

205 809 350 884 pias
373 809 608 872 animas
641 805 720 869 ad
750 806 1186 885 perfecti-onem
1220 804 1629 866 Christianam
1671 806 1840 867 insti-

221 895 444 958 tuunt,
491 902 714 962 nempe
760 895 834 945 ut
877 881 1315 954 delectationi,
1364 893 1427 943 et
1474 881 1843 960 quandoque

199 963 408 1026 ‚etiam
433 961 692 1026 vanitati
709 960 912 1022 aditus
931 957 1365 1037 praecludatur.
1380 964 1598 1034 Itaque
1616 959 1841 1020 Catha-

218 1035 550 1115 rinmquod
563 1036 955 1104 vehementer
970 1039 1317 1113 expetierat,
1336 1045 1713 1113 consequuta
1728 1048 1841 1110 est.)

221 1114 766 1192 attamen·.opinio,
809 1133 941 1192 quae
977 1113 1054 1176 de
1095 1114 1281 1190 ipsius
1314 1112 1648 1172 Sanctitate
1688 1115 1839 1174 exci-

201 1201 349 1256 tata
402 1191 604 1254 fuerat
621 1233 647 1265 „
699 1192 980 1254 imminui
1021 1209 1407 1268 nequaquam
1453 1191 1655 1266 potuit
1674 1234 1703 1263 ‚,
1737 1189 1841 1250 sed

197 1285 410 1346 ,usque
435 1266 516 1331 ad
537 1278 798 1328 mortem
819 1277 1172 1330 constanter
1188 1268 1543 1342 permansit,
1574 1277 1641 1326 et
1654 1268 1844 1326 etiam

212 1355 356 1420 post
393 1355 655 1406 mortem
708 1346 897 1421 magis
949 1343 1323 1422 percrebuit.
1372 1343 1709 1404 catharina
1768 1363 1841 1404 eo

214 1423 432 1486 mortis
465 1439 684 1496 genere
729 1421 1016 1492 decessit,
1051 1419 1221 1495 quod
1260 1426 1391 1494 ejus
1433 1422 1567 1480 vitae
1604 1418 1837 1481 Sancti-

197 1507 406 1564 -tatem
433 1499 690 1561 maxime
723 1496 1002 1556 decebat.
1028 1493 1279 1554 Summa
1302 1495 1442 1553 ‘vitae
1484 1495 1838 1566 austeritas,

1929 285 1996 342 N.
2022 285 2066 340 1.

204 1584 280 1634 et
319 1573 598 1635 ciborum
635 1574 830 1641 ratio,
877 1590 1032 1647 quos
1073 1568 1257 1644 longo
1304 1572 1597 1644 temporis
1644 1573 1841 1646 spatio
1937 1624 1944 1628 .

201 1647 584 1710 adhibuerat
622 1644 750 1708 haec
774 1647 963 1726 Virgo
985 1645 1365 1722 poenitentias
1390 1647 1801 1716 amantissima
1823 1691 1839 1713 ,

211 1721 542 1786 mortalem
575 1723 688 1800 ipsi
715 1721 1132 1798 aegritudinem
1162 1719 1528 1782 attulerunt.
1546 1719 1642 1785 Ad
1670 1719 1842 1785 illam

209 1800 470 1869 fortiter,
503 1797 852 1861 obeundam
892 1797 1233 1862 Catharina
1268 1799 1492 1859 sanctis
1552 1796 1841 1880 operibus

197 1895 278 1942 se
323 1876 690 1966 praeparavit
736 1897 753 1934 ε
801 1874 1069 1938 Acerbos
1127 1872 1365 1940 dolores
1416 1871 1563 1935 tulit
1599 1877 1836 1954 patien-

195 1953 440 2022 2tissime
475 1973 496 2014 ε
537 1950 812 2015 Ecclesiae
869 1950 1273 2018 sacramentis
1318 1971 1554 2018 summ-a
1610 1953 1840 2028 pietate

210 2029 532 2105 susceptis,
572 2025 794 2088 ultima
821 2025 1319 2102 sive-colloquia,
1352 2028 1481 2086 sive
1516 2025 1603 2085 ad
1646 2033 1841 2088 Deum

209 2105 596 2180 precationes
613 2103 1021 2166 ardentissimi
1041 2103 1266 2165 amoris
1290 2100 1503 2178 plenas
1525 2105 1835 2178 expressit.

195 2185 460 2242 Sorores
503 2199 644 2244 suas
681 2181 940 2243 maxima
979 2178 1405 2242 benevolentia
1451 2180 1661 2240 vivens
1700 2199 1837 2256 pro-

196 2269 473 2336 sequuta
516 2267 644 2329 est,
680 2269 742 2318 et
783 2257 1054 2333 eiusdem
1091 2254 1529 2316 benevolentiae
1574 2259 1839 2326 moriens

201 2345 574 2411 argumenta
615 2333 938 2400 manifesta
985 2333 1251 2412 praebuit
1301 2335 1375 2393 iis
1422 2333 1839 2403 sermonibus,

193 2430 366 2486 ‚quos
401 2421 709 2488 postremo
735 2409 814 2470 ad
839 2411 998 2487 ipsas
1039 2415 1283 2470 Sorores
1308 2410 1653 2470 convertit.·
1674 2414 1833 2476 Non-

193 2486 390 2548 -nnlla
423 2497 709 2564 portenta
733 2487 814 2546 ad
849 2493 978 2565 eius
1005 2496 1267 2554 mortem
1290 2487 1717 2560 contigerunt3
1755 2489 1841 2544 ita

197 2574 322 2637 nt,
363 2563 414 2624 si
451 2565 660 2624 omnia
687 2560 870 2624 simul
899 2561 1361 2640 expendantur,
1402 2562 1735 2636 pretiosam
1775 2565 1838 2620 in

203 2650 541 2717 conspeetu
609 2639 854 2700 Domini
919 2639 1270 2700 Catharinae
1334 2648 1595 2697 mortem
1662 2639 1841 2700 fuisse

199 2737 397 2778 nemo
469 2715 754 2776 dubitare
809 2717 1018 2793 possit.
1084 2719 1224 2776 Post
1304 2712 1541 2777 obitum
1567 2732 1599 2785 ’,
1658 2715 1841 2790 huius

199 2799 410 2862 ‚Beata
443 2793 878 2854 intercessione
902 2813 972 2854 ea
992 2791 1271 2869 prodigia
1294 2791 1455 2852 facta
1486 2801 1632 2852 sunt
1652 2837 1668 2864 ‚
1704 2799 1869 2868 quat*

199 2874 376 2932 ,vires
395 2880 630 2930 naturae
647 2868 976 2940 excedunt,
997 2931 1004 2936 ,
1048 2887 1257 2945 uaeque
1279 2869 1505 2928 idcirco
1529 2872 1840 2928 communi

199 2944 450 3014 calculo
496 2945 750 3006 fuerunt
789 2948 1017 3006 Miracu
1037 2947 1092 3006 is
1141 2945 1467 3023 adscripta.
1516 2943 1717 3005 Placet
1763 2966 1839 3004 ne

208 3026 460 3084 demum
494 3023 688 3097 igitur
737 3021 968 3096 Vobis;‚
1003 3032 1074 3082 ut
1116 3021 1194 3082 ad
1253 3021 1434 3099 hujus
1482 3027 1673 3081 Beatae
1724 3026 1837 3100 Ca-

209 3098 668 3160 nonizationem
707 3102 868 3156 'uxta
896 3108 1257 3160 consuetum
1286 3097 1644 3174 Apostolicae
1672 3096 1837 3158 Sedis

215 3194 452 3242 morem
496 3191 678 3252 proce
723 3177 944 3234 amus?
