2409 3984
826 171 1271 270 Bounimon.
1772 169 1854 240 55

217 279 675 346 Coeremoniale
720 272 1153 358 Episco'porum
1200 278 1427 340 trinam
1476 279 1850 342 Benedictio·
1909 295 2125 354 Anno·

119 366 129 374 '
216 378 378 420 nem
417 361 554 437 ipsis
617 353 816 418 solum
871 358 1264 418 tribuendam
1312 358 1640 419 decernit:
1685 357 1853 438 quod
1943 361 2126 430 ¹74⁸ss

219 437 440 497 eadem
466 435 722 496 Missalis
754 435 1021 494 Rubrica
1049 436 1449 496 confirmatur
1478 457 1494 494 ε
1525 436 1854 512 Episcopus

217 524 426 571 autem
469 523 562 569 ter
598 512 884 568 benedicit
915 511 1132 588 populo
1167 513 1347 566 etiam
1380 513 1444 566 in
1481 513 1691 568 Missis
1716 510 1854 588 pri-'

219 591 386 648 vatis
422 637 440 663 ,
495 600 565 646 ut
629 591 693 644 in
755 588 1166 645 caeremoniali
1221 584 1491 645 habetur.
1544 594 1853 648 Postremo

218 665 569 727 Alexander
611 669 752 726 VII.
783 671 1040 726 Decreto
1061 711 1076 736 ,
1117 665 1281 740 quod
1311 663 1405 718 die
1438 683 1537 742 27.
1563 665 1849 740 Septemb.

227 741 398 822 1659.
437 743 664 815 edidit,
705 753 980 818 tempora
1017 741 1233 800 indicit
1266 762 1335 800 ac
1371 752 1679 815 recenset,
1720 743 1852 820 qui·

222 819 347 878 hus
401 819 664 878 Abbates
715 839 830 878 usu
885 818 1329 878 Pontificalium
1378 817 1621 894 praediti
1661 863 1678 894 ,
1728 821 1859 880 ritu'

225 894 480 954 solemni
507 894 888 954 celebrantes
907 942 924 968 ,
963 899 1186 954 trinam
1216 896 1711 954 Benedictionem
1740 897 1855 956 im·-

221 973 756 1050 pertire'possunt
799 995 816 1032 :
859 973 1022 1048 quod
1057 972 1270 1030 iisdem
1310 973 1554 1048 penitus
1594 971 1848 1031 interdi-

220 1051 388 1108 citur
409 1096 427 1123 ,
473 1061 614 1108 cum
660 1067 790 1108 rem
822 1052 1102 1110 Divinam
1141 1051 1431 1126 privatim
1465 1049 1847 1128 conficiuntg

218 1126 390 1202 quod
407 1131 527 1186 Nos
561 1129 676 1202 ipsi
703 1121 1110 1185 indicavimus
1136 1119 1336 1182 nasim
1356 1127 1726 1182 Instinctione
1753 1125 1851 1202 14ss

218 1205 278 1270 §.
298 1200 361 1276 4.
389 1219 452 1260 n.
487 1221 577 1281 19.
604 1215 750 1261 tom.
781 1221 838 1260 2.
875 1205 924 1262 si
947 1204 1340 1262 Bononiensis
1372 1201 1657 1262 editionis
1684 1206 1845 1262 ratio

221 1277 560 1352 habeatur,
591 1300 727 1356 quae
761 1280 1158 1358 peracta.fuit
1193 1281 1351 1335 aimo
1397 1278 1564 1358 1735.
1612 1281 1707 1338 sin
1737 1301 1847 1340 au-

220 1363 346 1414 tem
390 1356 631 1416 easdem
678 1359 1100 1416 Institutiones
1146 1358 1213 1414 in
1250 1357 1527 1415 Latinam
1564 1351 1847 1432 ‘linguam
2004 1421 2011 1426 ,

214 1446 540 1494 conversas
569 1477 584 1498 ‚
617 1443 680 1491 et
709 1437 913 1492 Romae
949 1435 1267 1510 impressas
1296 1452 1456 1508 anno
1502 1432 1667 1522 1747.
1710 1435 1845 1509 quis
1952 1484 1957 1490 .
2010 1491 2015 1498 ,

213 1509 504 1584 inspiciat
521 1554 540 1582 ‚
574 1509 730 1568 idem
756 1531 1004 1586 prorsus
1029 1508 1447 1585 deprehendet
1472 1509 1846 1564 Institutione

215 1583 318 1659 34.
341 1583 400 1662 §.
430 1583 493 1659 4.
515 1587 580 1640 in
587 1585 712 1659 fine
713 1607 864 1664 pag.
897 1585 1026 1663 174.
1046 1586 1341 1661 Quocirca
1364 1605 1485 1642 non
1508 1583 1637 1642 sine
1656 1586 1847 1644 animi

215 1660 426 1720 nostri
465 1659 775 1737 voluptate
807 1661 1140 1739 Epistolam
1185 1660 1439 1735 legimus
1476 1649 1850 1734 encyclicam

215 1739 422 1796 Patris
451 1737 758 1798 Generalis
771 1739 1236 1798 Coenobitarum
1268 1735 1522 1798 Ord‘inis
1550 1739 1844 1798 Eremita·

213 1833 358 1872 rum
377 1816 584 1874 Sancti
601 1817 942 1890 Augustini,
967 1815 1190 1891 quibus
1213 1817 1273 1872 in
1298 1815 1517 1873 nostris
1536 1812 1842 1890 Apostoli-

211 1892 300 1949 cis
317 1893 540 1950 Literis
610 1902 834 1951 otestas
861 1893 1020 1952 facta
1047 1903 1136 1952 est
1167 1889 1353 1950 dandi
1390 1892 1451 1949 in
1484 1894 1665 1950 certis
1690 1894 1843 1952 anni

211 1969 562 2030 Festivitati
611 1989 681 2027 us
738 1970 1115 2028 Pontificiam
1179 1966 1671 2028 Benedictionem
1700 2013 1717 2038 ,
1778 1970 1845 2028 in

211 2065 332 2120 qua
393 2044 638 2106 eosdem
689 2045 1013 2118 admonet,
1065 2052 1139 2112 ut
1189 2042 1419 2121 populo
1475 2043 1845 2105 benedicant

211 2122 400 2181 unico
445 2123 626 2196 Signo
669 2125 917 2190 Crucis,
972 2141 1142 2181 more
1191 2118 1561 2180 sacerdotali
1612 2143 1629 2181 ε
1675 2123 1841 2198 quod

213 2200 414 2274 ipsum
459 2201 508 2256 si
550 2199 630 2256 ab
665 2191 798 2258 aliis
841 2200 1022 2259 etiam
1059 2197 1290 2258 factum
1340 2207 1527 2270 esset,
1580 2197 1841 2272 querelae
1904 2253 1909 2258 .

217 2273 299 2332 ad
339 2278 454 2333 Nos
491 2273 706 2335 delatae
746 2295 868 2334 non
904 2276 1158 2335 fuissent
1197 2273 1275 2334 de
1307 2277 1614 2350 usurpatis
1646 2275 1839 2335 hono-

215 2349 391 2408 ribus
421 2352 896 2428 EpiscopalibuS.
1573 2371 1588 2389 ⁸

295 2431 417 2486 Hac
458 2429 664 2505 itaque
715 2422 1337 2506 Epistola'Encyclica
1376 2427 1566 2486 ritum
1617 2426 1837 2484 statui·
1898 2437 2135 2506 Praecipi-

215 2523 358 2562 mus
394 2524 462 2562 ac
499 2502 909 2573 declaramus,
945 2526 1069 2582 quo
1117 2504 1467 2563 Benedictio
1498 2500 1732 2576 Papalis
1773 2505 1839 2560 in
1864 2511 1949 2553 tur
2026 2519 2097 2580 pe

210 2589 525 2654 posterum
582 2581 896 2650 tribuetur
920 2622 936 2648 ,
991 2600 1254 2656 eumque
1312 2589 1525 2638 notum
1586 2577 1840 2637 facimus
1862 2584 2129 2645 P‘aemssffss

213 2654 518 2716 Ordinum
583 2661 671 2718 Re
711 2657 976 2717 niarium
1031 2655 1391 2716 Praesidibus
1430 2699 1447 2726 ,
1512 2663 1585 2711 ut
1642 2655 1837 2731 ipsum
1862 2638 2027 2688 ‘hm'
2054 2651 2139 2690 7¹⁰

207 2730 615 2808 Regularibus
631 2734 682 2794 si
731 2734 1050 2814 isubjectis
1069 2731 1521 2793 observandum
1536 2729 1836 2791 indicant.
1861 2705 2015 2756 mur·

207 2809 508 2886 Equidem
570 2810 916 2873 Alexander
964 2816 1107 2872 VII.
1156 2809 1561 2869 Praedecessor
1620 2811 1841 2866 Noster

207 2903 390 2944 usum
435 2887 882 2948 Pontificalium
919 2886 1299 2959 Abbatibus,
1423 2884 1559 2944 ibus
1599 2883 1665 2942 id
1708 2883 1836 2958 pri·

205 2959 429 3038 vilegio
453 2967 777 3034 convenit,
811 2965 1089 3025 accurate
1117 2964 1358 3041 praescri
1408 2981 1546 3035 ens,
1572 2957 1835 3018 Ordina-

205 3039 317 3097 riis
356 3036 632 3100 locorum
672 3041 1026 3104 facultatem
1067 3039 1351 3100 concedit
1376 3084 1395 3111 ‚
1432 3047 1543 3106 ut,
1588 3037 1639 3093 si
1688 3037 1839 3113 quid

202 3118 587 3176 contrarium
607 3116 880 3179 Abbates
893 3119 1333 3178 commisissent
1351 3159 1366 3185 ,
1388 3113 1504 3189 ipsi
1523 3122 1839 3189 tamquam

201 3191 372 3252 Sedis
403 3193 771 3270 Apostolicae
806 3195 1074 3272 Delegati
1106 3211 1236 3250 rem
1268 3201 1735 3266 cognoscerent,
1774 3202 1839 3252 et

203 3271 479 3328 censuris
532 3272 718 3330 etiam
742 3317 760 3346 ,
791 3275 840 3331 si
874 3293 1026 3350 opus
1063 3279 1250 3342 esset,
1285 3266 1533 3326 omnem
1573 3265 1833 3328 insolen-

201 3345 354 3406 tiam
400 3367 538 3406 com
587 3359 883 3408 escerent.
927 3355 1012 3410 At
1054 3367 1164 3407 nos
1211 3343 1394 3404 aliam
1438 3345 1603 3406 viam
1648 3347 1833 3405 susci·

195 3421 492 3498 piendam
575 3425 812 3486 ucimus
834 3469 852 3503 ,
885 3426 1333 3504 praecipienteS,
1362 3431 1433 3562 ig
1454 3420 1529 3557 {e
1566 3419 1687 3481 illis
1716 3425 1832 3482 Re·
