2409 3984
672 142 680 147 ’·
731 134 1182 201 Romanum.
1655 136 1775 205 243

154 245 522 310 Causarum,
563 239 726 315 quod
757 260 791 299 a
823 238 1160 303 secretario
1197 240 1415 301 confici
1436 285 1455 314 ‚
1482 254 1545 303 et
1570 245 1769 329 singu-

55 323 60 334 '
156 318 220 377 lis
247 315 680 378 cardinalibus
705 316 863 375 tradi
889 319 1228 379 consu-evit.
1264 323 1337 377 In
1362 339 1483 394 qua
1504 322 1774 396 primum

151 394 616 462 masei-tatione,
665 413 794 451 rem
835 395 1025 469 ipsam
1058 397 1507 455 accuratissime
1532 418 1647 472 pro
1681 400 1771 459 vi·

149 472 315 531 ribus
371 472 754 545 exposuimus
785 515 803 538 ,
855 482 1053 545 neque
1112 473 1424 531 omisimus
1480 472 1774 549 originem

147 548 510 623 investigare
559 544 724 605 illius
761 546 1126 623 disciplinae,
1177 569 1363 625 quam
1404 548 1662 609 diximus
1694 544 1777 611 'in

151 626 468 701 Aragoniae
487 628 696 697 Regno
709 624 910 696 vigere
929 646 944 698 3
965 623 1188 683 deinde
1208 624 1535 685 nonnullas
1552 627 1615 684 in
1632 646 1771 687 eon-

150 703 406 763 trarium
437 700 838 762 indicavimus
876 698 1313 775 resolutiones,
1350 720 1485 779 quae
1522 702 1671 761 alias
1696 705 1777 764 ad

149 775 499 854 hujusmodi
561 774 863 852 postulata
926 776 1287 851 prodierant
1318 799 1335 853 3
1390 790 1523 838 tum
1591 778 1777 840 aliam

151 855 622 917 memoravimus
639 854 998 927 petitionem
1021 895 1038 922 .‚
1065 852 1385 931 -quaexolim
1414 874 1531 931 pro
1558 860 1771 915 Portu-

146 928 336 1005 gal-liae
367 932 598 1003 ‚Regnis
638 930 795 989 facta
840 928 1040 998 fuerat
1087 931 1511 990 Praedecessori
1553 936 1775 992 Nostro

149 1004 450 1067 Clementi
497 1011 668 1081 Papae
711 1011 821 1065 IX.
859 1016 929 1064 ut
977 1008 1168 1065 trinas
1203 1006 1412 1067 liceret
1456 1009 1661 1068 Missas
1708 1011 1775 1069 in

149 1082 246 1141 die
276 1082 891 1144 commemorationis
913 1085 1188 1141 omnium
1222 1083 1515 1143 Fidelium
1544 1085 1771 1145 Defun-

147 1168 387 1217 ctorum
420 1157 764 1230 celebrare,
792 1157 868 1217 de
896 1178 1020 1233 qua
1041 1169 1243 1219 tamen
1264 1160 1349 1219 ob
1380 1162 1803 1222 immaturam·

148 1236 449 1295 pontificis
491 1246 753 1293 mortem
799 1235 956 1294 nihil
997 1235 1311 1295 decretum
1357 1238 1497 1295 fuit.
1538 1239 1773 1312 Quibus

42 1340 44 1365 ε
144 1312 429 1371 omnibus
467 1312 820 1373 addidimus
851 1357 866 1384 ‚
915 1312 1085 1388 quod
1122 1357 1137 1382 ,
1176 1333 1371 1389 quum
1428 1312 1548 1372 hoc·
1608 1314 1774 1373 idem

42 1398 44 1443 ἑ
151 1388 224 1459 ab
247 1390 676 1465 Hispaniarum
706 1388 1017 1463 quondam
1043 1388 1503 1465 Rege-Philippo
1527 1394 1635 1451 IV.
1654 1410 1773 1525 ΕΞ
1870 1498 1877 1503 .

147 1464 433 1525 omnibus
476 1475 598 1524 tam
645 1463 1074 1535 Saecularibus,
1129 1483 1315 1538 quam
1370 1464 1653 1539 Regulari

149 1544 493 1616 Regnorum
517 1560 766 1601 suorum
792 1539 1223 1618 Sacerdotibus
1242 1539 1617 1615 postulatum
1640 1542 1769 1600 fue-

150 1618 265 1689 rit,
311 1616 412 1675 vel
451 1615 660 1677 saltem
709 1614 1148 1692 postulandum
1191 1616 1378 1675 fuisse.
1421 1636 1545 1675 non
1604 1618 1771 1691 igno·

148 1703 439 1768 raretur3
476 1692 744 1769 ideoque·
767 1690 947 1769 plura
989 1694 1338 1765 rationum,
1388 1693 1773 1754 factorumve

149 1780 546 1829 monumenta
573 1814 598 1839 ,,
629 1789 744 1845 pro
781 1768 1131 1845 hujusmodi
1161 1770 1547 1829 concessione
1582 1770 1769 1845 impe—

149 1844 407 1920 tranda,
461 1844 714 1905 collecta
761 1854 908 1905 tunc
957 1845 1138 1907 fuisse
1171 1856 1543 1921 const-aret3
1588 1846 1773 1907 Nobis

151 1921 362 1983 datum
417 1943 544 1983 non
597 1923 800 1985 fuerat
838 1922 1189 1997 huiusmodi
1238 1920 1641 1983 collectiones
1694 1923 1774 1982 ad

151 2018 386 2067 causam
425 2000 683 2059 maxime
719 2008 1093 2075 opportunas
1125 2002 1393 2074 reperire
1416 2043 1428 2067 ‚
1458 2010 1531 2058 ut
1564 1998 1774 2058 videre

153 2086 242 2134 est
268 2076 331 2135 in
363 2073 512 2135 folio
541 2096 656 2152 pro
675 2077 1158 2150 Congu-aganone
1181 2076 1305 2135 diei
1324 2096 1363 2133 '1
1382 2094 1431 2133 1.
1458 2078 1599 2152 Maii
1624 2077 1774 2136 anni

153 2156 565 2213 MDCCXXII.
599 2174 644 2217 a·
663 2151 848 2211 Nobis
881 2154 1225 2226 conscripto
1251 2198 1267 2224 ‚
1304 2152 1472 2227 quod
1510 2155 1773 2212 nuncin

149 2227 974 2293 Thesauro.-Resolutionum
1021 2228 1287 2303 praefatae
1340 2230 1771 2305 congregatio·

153 2306 246 2364 nis
271 2302 528 2368 Concilii
553 2300 716 2367 me.
735 2305 827 2361 II.
843 2324 994 2381 pag.
1027 2302 1237 2383 169.fet
1260 2325 1383 2382 seq.
1414 2308 1783 2381 impressum-

131 2383 482 2457 ‘reperitur-
515 2388 720 2455 Quum
757 2391 960 2442 autem
1006 2379 1154 2441 bon.
1203 2401 1391 2441 mem.
1433 2381 1775 2439 Ludovicus

148 2456 499 2517 Cardinalis
535 2456 782 2533 Belluga
811 2458 1281 2531 congregationi
1340 2455 1631 2531 praedicta
1674 2454 1775 2513 die

153 2532 378 2601 habit-‘e
393 2535 760 2595 interfuisset
779 2572 806 2600 ‚-
825 2535 1225 2595 meminimus·
1242 2534 1442 2606 ipsum
1470 2530 1547 2589 de
1566 2540 1778 2590 nostra

1830 261 2039 319 Anno

1866 347 1882 379 ι
1894 326 2011 397 748.

155 2612 588 2677 Dissertatione
607 2608 1026 2673 favorabiliter
1042 2607 1402 2683 loquutum·‚
1420 2608 1481 2665 in
1503 2618 1777 2667 nostram
1851 2677 1857 2685 ἱ

148 2706 398 2764 quoque
455 2690 822 2749 sententiam
869 2686 1218 2755 devenisse,
1259 2693 1331 2743 ut
1376 2687 1779 2746 necessarium

147 2774 401 2837 putaret
431 2764 818 2839 allegationes
870 2761 1002 2823 illas
1039 2772 1315 2837 tempore
1354 2760 1611 2845 Philippi
1634 2764 1775 2850 ‘IV-

149 2838 485 2901 adornatas
509 2842 804 2916 inspicere
835 2882 850 2908 ‚
895 2842 1213 2916 ipsumque
1250 2841 1311 2897 in
1352 2858 1414 2897 se
1452 2854 1776 2913 recepisse,
1844 2854 1846 2858 ’

145 2926 226 2975 ut
266 2919 444 2993 ipsasd
481 2916 932 2993 diligentissime
987 2917 1272 2991 conquiri
1302 2923 1576 2973 curaret.
1620 2919 1778 2986 Qua·

147 3004 410 3071 propter
461 2996 844 3070 Rescriptum
902 2993 1132 3069 prodiit
1187 3013 1203 3049 ι
1255 2992 1399 3047 Non
1430 2991 1729 3077 proposita
1761 3008 1782 3043 .-

147 3091 352 3148 eoque
387 3073 704 3148 Rescripto
754 3071 981 3130 factum
1013 3079 1102 3129 est
1126 3112 1141 3137 ‚
1179 3077 1250 3126 ut
1295 3069 1585 3126 instantia
1632 3075 1783 3124 tunc

149 3148 406 3226 quidem
443 3168 560 3223 pro
603 3168 816 3209 rerum
861 3142 1333 3209 circumstantiis
1372 3142 1633 3200 ,minime
1674 3140 1781 3202 ad·

146 3230 334 3287 missa
377 3236 734 3287 censeretur
761 3269 776 3294 ‚
821 3242 946 3281 non
988 3230 1190 3278 tamen
1229 3219 1480 3277 omnino
1514 3263 1529 3289 ‚
1564 3229 1625 3277 et
1646 3238 1782 3295 per·

139 3315 341 3378 petuo
384 3304 611 3379 reiecta
634 3344 647 3370 ,
693 3300 841 3376 quin
877 3298 1080 3375 potius
1119 3292 1367 3353 relictus
1404 3294 1591 3354 fuerit
1620 3294 1786 3356 locus

137 3381 438 3445 ulteriori
492 3380 806 3439 rationum
833 3422 850 3448 ‚
907 3384 1090 3450 atque
1139 3371 1439 3507 factomkm
1480 3374 1786 3445 examini,

1007 3471 1018 3488 κ
1438 3466 1471 3505 2
