2409 3984
715 115 1162 181 anmnium.
1678 141 1757 207 27

34 249 37 264 ³
131 228 280 288 sima
321 214 668 301 cognitione
707 223 1020 314 omnium²
1048 243 1182 301 quae
1219 223 1297 284 ad
1338 229 1469 286 r'em
1502 229 1761 288 maxime
1816 241 2031 300 Auno

131 303 524 374 conducunt,
568 299 919 378 hujusmodi
960 300 1279 365 vinculum
1322 323 1391 362 ex
1432 313 1524 364 tot
1572 307 1754 366 ratio·
1849 311 1995 378 1748.

34 387 37 448 ἑ
133 381 312 441 nibus
351 377 714 450 insolubile,
750 379 1072 437 sententiis
1111 381 1275 452 suis,
1310 390 1623 460 tamquam
1675 386 1755 443 ir·
1780 393 2065 461 p’aincau·

135 460 316 517 ritum
375 457 452 516 ab
513 457 726 527 initio,
785 453 1239 516 dissolverent.'
1276 461 1465 534 ijus
1512 459 1758 536 quidem
1778 464 1856 512 sia
1886 461 2062 511 matri.

141 534 606 594 Constitutionis
651 529 924 602 utilitas,
971 537 1096 591 Deo
1142 533 1431 607 favente,
1472 537 1549 595 ad
1592 536 1759 598 hunc
1784 528 2023 579 ¹¹¹0¹¹i⁸¹i·

34 633 36 642 ·
140 612 285 670 diem
339 621 556 688 aperte
595 607 1072 686 comprobatur:
1119 629 1553 684 quumwex-eo
1608 625 1758 674 tem·
1783 597 1899 646 ¹²⁰⁸·

34 773 37 812 ἑ
143 766 471 824 moniorum
513 760 800 823 nullitate
823 763 890 820 in
928 765 1034 821 Tri

140 708 306 764 pore,
344 707 548 764 neque
597 696 692 744 tot
730 690 942 744 Causa:
993 702 1176 762 super
1210 699 1513 822 frate-sa
1552 694 1759 750 Matri·

1039 763 1204 822 buna
1232 764 1373 822 ibus
1412 765 1762 844 pendeant3

145 862 248 900 nec
282 852 400 901 tam
438 841 832 916 frequenter,
858 849 932 898 ut
969 851 1183 912 antea,
1216 841 1403 900 Nobis
1436 841 1763 906 exhibean-

147 928 243 976 tur
277 936 476 994 preces
515 938 638 994 pro
677 915 1026 976 obtinendis
1067 917 1625 994 dispensationibus
1657 939 1763 982 su·

147 1014 246 1069 per
275 997 668 1055 Matrimonia
691 1003 830 1054 rato
849 1039 867 1068 ,
889 1005 950 1053 et
973 1015 1094 1054 non
1113 1007 1540 1072 consummato
1567 1018 1584 1054 ε
1612 996 1767 1057 dum

147 1071 362 1132 scilicet
400 1083 540 1132 ante
557 1072 846 1130 omnium
871 1069 1078 1130 oculos
1113 1075 1437 1150 propositae
1470 1083 1618 1133 suut
1644 1073 1760 1136 dif-

147 1147 433 1208 ficultates
484 1147 676 1226 paulo
717 1147 964 1223 quidem
1011 1155 1299 1229 majores,
1362 1151 1465 1210 sed
1508 1153 1763 1212 omnino

151 1231 348 1301 justin,
395 1247 515 1304 quae
542 1271 558 1298 ‚
601 1246 674 1284 ex
717 1244 880 1284 novo
923 1224 1137 1284 ordine
1171 1247 1209 1286 a
1256 1227 1444 1288 Nobis
1492 1237 1759 1302 statuto,
1812 1241 1819 1249 ‘

147 1300 391 1362 cuilibet
439 1300 796 1380 superandae
843 1321 906 1360 se
950 1301 1243 1372 offerent,
1284 1315 1617 1381 antequam
1652 1325 1758 1382 op·-

152 1389 344 1438 tatum
377 1379 560 1439 finem
596 1389 980 1455 assequatur.
1998 1431 2011 1443 .

217 1456 732 1530 Quem-admodum
783 1456 990 1532 itaque
1027 1476 1145 1536 pro
1181 1457 1583 1518 Matrimoniis
1629 1479 1759 1518 car·
1782 1429 2063 1550 ἆὲῐξζῗὲ

149 1530 381 1593 nalibus
430 1555 466 1594 a
510 1533 699 1593 Nobis
737 1535 1056 1610 provisum
1097 1534 1247 1605 fuit,
1312 1537 1397 1594 ita
1454 1555 1619 1593 nunc
1685 1536 1763 1596 de
1784 1565 1939 1616 nibus
2012 1585 2062 1616 a·

147 1609 562 1684 spiritualibus
601 1611 940 1670 animarum
989 1609 1274 1680 nexibus,
1324 1611 1403 1670 de
1454 1609 1765 1686 Religiosis
1788 1634 1892 1682 tuit
1928 1575 2032 1684 ἐξ.

149 1685 432 1747 videlicet
456 1687 762 1764 utriusque
799 1707 972 1746 sexus
1009 1685 1402 1763 Regularium
1444 1688 1761 1748 Professio-
1785 1715 1911 1754 vum
1976 1715 2064 1750 or·

153 1761 362 1838 nibus,
413 1765 548 1840 pari
585 1766 822 1824 ratione
862 1774 1132 1832 statuere
1183 1763 1563 1828 decrevimus
1606 1786 1624 1824 ε
1668 1767 1759 1826 ni·
1817 1765 1996 1844 dinen}

153 1841 366 1901 mirum
393 1852 623 1901 certam
655 1861 934 1902 normam
965 1863 1036 1900 ac
1081 1841 1441 1902 methodum
1476 1841 1757 1916 tradere,
1818 1850 2009 1886 ”mm

153 1935 322 1992 quam
367 1918 692 1980 observare
735 1918 1002 1978 debeant
1043 1919 1288 1980 Iudices
1324 1918 1757 1994 Ecclesiastici‚
1786 1918 1899 1980 ,0¹9
1929 1918 2061 1981 ..ΡΨ

155 1996 372 2070 quoties
407 1997 631 2075 iudicia
668 2015 850 2072 super
890 1995 1177 2055 nullitate
1219 1997 1664 2062 Professionum
1692 1999 1758 2060 in
1780 1969 2060 2086 ξῖἁὲῗξω.

155 2069 346 2148 aliquo
384 2075 616 2134 Ordine
661 2071 947 2148 Regulari
989 2095 1024 2132 a
1075 2073 1226 2132 Sede
1274 2074 1616 2150 Apostolica
1650 2095 1755 2152 ap·-
1780 2055 2059 2156 nifioepgo,

153 2149 394 2222 probato
408 2151 710 2211 factarum
727 2195 744 2223 ‚
774 2169 980 2210 coram
1004 2152 1144 2230 ipsis
1162 2152 1381 2226 agitari
1410 2155 1757 2230 contingat-3
1780 2169 2067 2220 fessionum

159 2245 336 2303 neque
365 2229 426 2288 id
461 2228 712 2306 quidem
741 2227 818 2286 ad
856 2226 1020 2286 hunc
1051 2228 1236 2288 finem
1262 2273 1279 2300 ‚
1325 2239 1397 2288 ut
1426 2233 1627 2290 aditus
1666 2232 1757 2288 in·
1780 2238 2015 2304 Regulam

157 2301 510 2365 tet-cludatur
553 2307 662 2370 iis,
713 2305 818 2380 qui
848 2306 1030 2438 liustis
1065 2305 1140 2366 de
1179 2307 1375 2364 causis
1409 2305 1761 2384 hujusmodi

159 2383 398 2442 actiones
437 2385 744 2442 intentare
773 2403 845 2442 ve
874 2383 996 2453 int,
1045 2402 1114 2441 ac
1153 2381 1499 2458 postulent3
1529 2383 1761 2442 Profes-

158 2455 370 2518 sionem
405 2481 438 2519 a
463 2481 526 2519 se
559 2461 784 2520 factam
827 2479 896 2517 ex
933 2462 1130 2534 capite
1155 2457 1484 2530 nullitatis,
1525 2460 1764 2522 irritam

158 2531 432 2595 declarari
453 2560 470 2614 3
495 2536 600 2596 sed
623 2582 638 2606 ‚
670 2546 742 2610 ut
771 2537 878 2614 ipsi
925 2537 1166 2596 Judices
1195 2556 1404 2594 rerum
1438 2537 1764 2596 veritatem
1800 2601 1812 2621 s

157 2610 220 2668 in
259 2616 437 2688 specie
469 2614 860 2690 dig-noscere,
901 2633 1162 2688 suasque
1201 2613 1533 2672 sententias
1583 2613 1759 2673 indu..

155 2685 265 2748 biis
300 2689 706 2751 fundamentis
763 2691 1003 2750 innixas
1043 2690 1323 2768 proferre
1366 2689 1649 2767 valeant3
1692 2712 1763 2750 ac

155 2783 226 2823 ne
264 2785 524 2844 unquam
551 2813 567 2841 ,
615 2787 686 2828 ex
737 2768 1079 2844 ignorantia
1117 2768 1456 2841 factorum3
1498 2766 1766 2846 aliquem

153 2839 472 2906 decernant
505 2843 775 2905 solutum
812 2843 1086 2918 vinculo,
1133 2844 1283 2904 dum
1322 2847 1371 2904 is
1413 2846 1572 2903 forte
1598 2889 1613 2914 ‚
1658 2864 1763 2903 va-

153 2914 263 2980 lida
319 2920 686 2982 solemnium
751 2933 1036 2984 votorum
1087 2921 1458 2998 professione
1509 2922 1727 2978 emissa
1746 2964 1764 2991 ,

151 2995 429 3076 Religioso
463 2999 721 3076 ordini,
755 3001 854 3059 cui
885 3019 1106 3058 nomen
1148 2999 1353 3070 dedit,
1390 3017 1457 3054 re
1482 2997 1609 3070 ipsa
1632 3015 1761 3056 ma.

151 3085 278 3134 neat
313 3077 667 3136 adstrictus.
712 3083 842 3152 Qua
880 3098 949 3136 ex
991 3075 1287 3135 methodo
1322 3095 1359 3134 a
1406 3071 1592 3131 Nobis
1630 3083 1767 3134 tra-

150 3148 330 3214 denda
351 3154 520 3214 hunc
539 3153 813 3214 fructum
836 3200 852 3229 ‚
875 3153 1153 3212 similiter
1183 3151 1594 3210 obventurum
1628 3171 1760 3229 spe.

36 3282 45 3296 ,
151 3247 367 3302 ramuS,
413 3241 488 3290 ut
527 3242 592 3292 et
618 3235 882 3291 rariores
919 3234 983 3290 in
1013 3237 1324 3308 posterum
1359 3229 1424 3286 in
1462 3228 1763 3297 Tribuna-

151 3301 294 3368 libus
327 3309 568 3376 futurae
607 3312 732 3369 sint
761 3314 972 3370 Causae
995 3327 1178 3384 super
1207 3315 1501 3382 praetensa
1536 3307 1762 3366 Profes-

153 3384 374 3448 sionum
416 3385 758 3463 nullitate3
805 3399 866 3452 et
919 3387 1026 3462 qui
1077 3386 1376 3520 deincep}
1418 3381 1766 3461 hujusmodi

1415 3478 1450 3518 2

1712 3617 1721 3646 1
