2409 3984
1993 156 2027 177 ,-

979 173 1256 222 INDEX.
1992 156 2117 242 095

208 291 367 334 mvt.
407 269 644 329 Erectio
695 262 1080 328 cathedralis
1130 263 1403 324 Ecclesiae
1456 264 1823 331 Pinarolien.
1868 262 1966 322 23.

283 344 641 405 Decembris.
2007 337 2121 398 286

208 443 391 484 mvn.
429 425 620 498 Super
668 418 1129 485 conservatione
1163 463 1180 490 „
1232 427 1297 478 et
1346 413 1672 477 refectione
1712 418 1968 485 viarum

282 496 687 578 Publicarum.
701 495 800 558 30.
818 494 1179 554 Det-embn's.
2007 489 2121 556 333

851 689 1070 748 ANNO
1111 687 1546 748 MDCCXLIX.

213 861 413 901 txvm.
455 841 763 902 Asseritur
816 839 1107 904 identitas
1151 839 1440 918 Corporis
1487 835 1551 896 S.
1599 835 1851 896 Joannis
1900 835 1977 896 de

285 915 528 1009 Mat-ha?
554 916 718 996 quod
753 919 983 1009 Matr-iti
1003 916 1228 1009 colitur
1245 963 1261 990 ‚
1290 914 1605 976 occasione
1632 911 1981 974 donationis

283 1005 532 1128 auggg}
545 993 910 1072 Sarcophagi
928 1041 946 1070 ,
969 993 1078 1054 uhi
1109 992 1264 1054 1llud
1287 998 1493 1056 Romae
1518 989 1943 1052 asservabatur
1958 1033 1977 1062 ,
2017 1057 2125 1142 347

531 1112 549 1129 ’
895 1151 979 1214 ΙΝ
1017 1149 1464 1211 APPENDICE.
1890 1183 1899 1186 -
2044 1139 2051 1145 ’

219 1301 546 1361 Orationes
605 1297 1069 1361 Consistoriales
1102 1345 1118 1374 ‚
1187 1321 1323 1378 quae
1382 1300 1557 1363 dictae
1614 1302 1865 1372 fuerunt
1913 1298 1979 1355 in

289 1376 684 1438 Consistoriis
703 1374 922 1444 habitis
947 1377 1045 1437 die
1069 1373 1160 1451 18.
1179 1377 1437 1455 Aprilis,
1470 1375 1529 1438 8.
1563 1399 1651 1437 10.
1680 1396 1700 1434 ι
1718 1399 1769 1436 1.
1796 1375 1885 1434 13.
1916 1383 1981 1432 et

293 1451 387 1529 14.
436 1452 602 1516 Junii
627 1471 741 1531 pro
771 1454 1246 1513 canonizatione
1278 1459 1391 1512 BB.
1435 1454 1659 1514 Fidelis
1681 1476 1718 1513 a
1756 1454 1979 1528 Sigma-

287 1533 461 1606 ringa
484 1576 500 1603 ‚
537 1525 780 1594 Camilli
831 1528 908 1587 de
943 1527 1153 1601 Lellis,
1197 1531 1362 1589 Petri
1402 1529 1705 1608 Regalati,
1740 1525 1985 1605 Josephi

288 1628 325 1665 a
353 1607 636 1666 Leonissa
659 1649 676 1676 ‚
711 1614 774 1664 et
799 1604 1146 1665 Catharinae
1179 1603 1258 1664 de
1296 1605 1533 1667 Riociiss
2016 1585 2123 1650 35¹

214 1681 483 1744 Romilia
501 1680 868 1743 sanctissimi
884 1683 1128 1750 Domini
1144 1684 1347 1744 Nostri
1366 1683 1672 1745 Benedicti
1686 1689 1792 1746 ΡΡ.
1813 1685 1982 1743 XIV.

292 1779 425 1837 quae
455 1757 665 1818 habita
683 1768 774 1818 est
792 1758 953 1828 inter
967 1761 1283 1820 Missarum
1308 1757 1608 1822 solemnia
1663 1762 1760 1822 die
1784 1757 1981 1822 Natali

291 1841 651 1896 Sanctorum
686 1834 1116 1912 Apostolorum
1155 1836 1314 1897 Petri
1361 1847 1424 1896 et
1466 1838 1633 1900 Pauli
1676 1838 1980 1915 Principa-

293 1910 445 1973 lium
485 1917 768 1972 Romanae
793 1911 972 1975 Urbis
994 1917 1398 1972 Patronorum
1413 1953 1435 1982 ,
1458 1934 1584 1990 quo
1598 1914 1697 1975 die
1711 1914 1982 1977 solemne

287 1991 561 2065 quinque
582 1995 903 2048 Beatorum
924 1989 1416 2056 Canonizationis
1440 1995 1763 2054 Decretum
1787 1993 1853 2053 in
1880 1995 1981 2052 Sa·

290 2073 610 2132 ,crosancta
640 2063 934 2128 Vaticana
973 2062 1219 2125 Basilica
1256 2069 1711 2142 pronunciavit.
2018 2063 2129 2127 383

832 2745 838 2754 '
894 2735 1111 2788 FINIS
1152 2733 1475 2792 IND1018,
